date,store_id,store_type,location_type,region_code,holiday,discount,orders,sales
2018-01,1,S1,L3,R1,5,15,1884,1145607.81
2018-01,2,S3,L1,R3,5,15,2144,1440212.91
2018-01,3,S4,L2,R1,5,15,3225,1881592.47
2018-01,4,S1,L1,R2,5,15,1871,1196211.06
2018-01,5,S1,L1,R3,5,15,2091,1445288.52
2018-01,6,S4,L1,R1,5,15,2302,1421165.94
2018-01,7,S3,L1,R3,5,15,2254,1510564.8900000001
2018-01,8,S4,L2,R2,5,15,2757,1839284.67
2018-01,9,S1,L1,R1,5,15,1637,1210035.72
2018-01,10,S4,L2,R3,5,15,2527,1889143.02
2018-01,11,S4,L2,R1,5,15,3102,2033291.04
2018-01,12,S1,L3,R2,5,15,1571,1031577.81
2018-01,13,S3,L3,R1,5,15,1809,1038483.06
2018-01,14,S3,L2,R4,5,15,2352,1956959.04
2018-01,15,S4,L2,R1,5,15,3463,2261147.37
2018-01,16,S1,L3,R1,5,15,1841,1134455.07
2018-01,17,S1,L1,R2,5,15,2045,1264301.37
2018-01,18,S4,L1,R1,5,15,2752,1686312.69
2018-01,19,S1,L1,R3,5,15,1635,1328992.86
2018-01,20,S1,L1,R1,5,15,1406,1193254.62
2018-01,21,S3,L2,R4,5,15,2123,1556563.29
2018-01,22,S1,L1,R4,5,15,1876,1571359.53
2018-01,23,S1,L1,R4,5,15,1735,1370741.46
2018-01,24,S1,L1,R2,5,15,1625,1109218.47
2018-01,25,S1,L3,R1,5,15,1906,1239445.02
2018-01,26,S1,L1,R3,5,15,2088,1519470.12
2018-01,27,S1,L3,R3,5,15,1363,996937.47
2018-01,28,S3,L2,R3,5,15,2186,1662731.1
2018-01,29,S1,L4,R2,5,15,1473,1001445.06
2018-01,30,S1,L2,R2,5,15,2054,1548519.21
2018-01,31,S1,L5,R2,5,15,1478,910542.21
2018-01,32,S1,L1,R2,5,15,1861,1436470.92
2018-01,33,S4,L2,R4,5,15,2469,1768432.14
2018-01,34,S1,L3,R1,5,15,1741,1073229.24
2018-01,35,S1,L1,R2,5,15,1964,1327597.38
2018-01,36,S1,L3,R4,5,15,1646,1117647.96
2018-01,37,S1,L3,R3,5,15,1469,1101823.47
2018-01,38,S1,L3,R2,5,15,1556,1142978.22
2018-01,39,S4,L1,R1,5,15,2897,1677887.88
2018-01,40,S1,L1,R4,5,15,1895,1530306.3900000001
2018-01,41,S1,L1,R2,5,15,1986,1445454.78
2018-01,42,S1,L4,R3,5,15,1403,925880.22
2018-01,43,S1,L1,R2,5,15,1530,1081457.43
2018-01,44,S1,L3,R2,5,15,2121,1304780.43
2018-01,45,S3,L1,R1,5,15,1995,1281290.28
2018-01,46,S2,L1,R2,5,15,1353,1066533.03
2018-01,47,S4,L2,R2,5,15,2875,1767179.97
2018-01,48,S1,L1,R2,5,15,1660,1281845.97
2018-01,49,S4,L1,R2,5,15,2981,1804573.35
2018-01,50,S3,L2,R4,5,15,2193,1609076.16
2018-01,51,S1,L1,R2,5,15,1606,1165458.69
2018-01,52,S1,L1,R3,5,15,1651,1192116.84
2018-01,53,S3,L1,R2,5,15,2031,1382208.93
2018-01,54,S1,L2,R3,5,15,1794,1473899.04
2018-01,55,S1,L1,R2,5,15,1996,1386780.6
2018-01,56,S2,L5,R3,5,15,1301,869650.38
2018-01,57,S4,L1,R1,5,15,2416,1391305.53
2018-01,58,S1,L1,R1,5,15,1664,1175755.38
2018-01,59,S1,L3,R1,5,15,1449,949056.09
2018-01,60,S1,L5,R2,5,15,1415,870639.9
2018-01,61,S1,L1,R3,5,15,1978,1328037.0
2018-01,62,S2,L5,R1,5,15,1219,852912.51
2018-01,63,S1,L1,R2,5,15,2172,1562350.17
2018-01,64,S3,L1,R2,5,15,2252,1511322.27
2018-01,65,S1,L2,R2,5,15,2807,2356369.92
2018-01,66,S3,L3,R3,5,15,2082,1254314.4
2018-01,67,S2,L5,R1,5,15,1044,666619.47
2018-01,68,S1,L2,R4,5,15,2000,1569196.05
2018-01,69,S1,L1,R4,5,15,1669,1202035.08
2018-01,70,S1,L1,R3,5,13,1896,1282246.89
2018-01,71,S2,L5,R1,5,15,995,677683.74
2018-01,72,S1,L2,R3,5,15,2005,1570353.66
2018-01,73,S3,L2,R4,5,15,2098,1689223.8599999999
2018-01,74,S3,L1,R2,5,15,2237,1526733.84
2018-01,75,S3,L2,R3,5,15,2328,1757324.07
2018-01,76,S2,L3,R3,5,15,1313,1017384.27
2018-01,77,S2,L5,R3,5,15,1068,779578.8
2018-01,78,S1,L1,R4,5,15,1416,1058298.54
2018-01,79,S2,L5,R4,5,15,1155,847768.14
2018-01,80,S1,L1,R1,5,15,1599,1103177.04
2018-01,81,S3,L2,R1,5,15,2034,1572894.12
2018-01,82,S4,L2,R1,5,15,3288,1957588.8
2018-01,83,S2,L5,R1,5,15,881,657890.46
2018-01,84,S1,L1,R3,5,15,1891,1303258.14
2018-01,85,S4,L2,R1,5,15,3060,1878555.84
2018-01,86,S1,L1,R4,5,15,1732,1263215.61
2018-01,87,S4,L2,R3,5,15,2703,2161828.02
2018-01,88,S2,L5,R2,5,15,1333,967998.96
2018-01,89,S1,L4,R1,5,15,1494,933875.0700000001
2018-01,90,S1,L1,R3,5,15,1892,1305482.55
2018-01,91,S3,L1,R1,5,15,2155,1470554.07
2018-01,92,S1,L4,R2,5,15,1468,895408.26
2018-01,93,S1,L1,R4,5,15,1655,1255526.34
2018-01,94,S4,L2,R2,5,15,2590,1778779.23
2018-01,95,S3,L1,R1,5,15,2490,1514869.77
2018-01,96,S3,L1,R3,5,15,2298,1523079.45
2018-01,97,S4,L1,R1,5,15,2948,1817937.18
2018-01,98,S2,L5,R2,5,15,1055,789025.47
2018-01,99,S1,L1,R3,5,15,1955,1299379.83
2018-01,100,S1,L1,R2,5,15,1836,1302172.23
2018-01,101,S1,L4,R3,5,15,1515,1009169.55
2018-01,102,S4,L2,R1,5,15,2673,1813599.66
2018-01,103,S1,L3,R3,5,15,1655,1103169.66
2018-01,104,S1,L1,R2,5,15,1878,1262219.28
2018-01,105,S4,L2,R1,5,15,2351,1572873.9
2018-01,106,S1,L1,R4,5,15,1828,1277880.87
2018-01,107,S1,L3,R3,5,15,1644,1098514.89
2018-01,108,S1,L1,R4,5,15,1982,1490030.73
2018-01,109,S1,L1,R1,5,15,1800,1234983.03
2018-01,110,S2,L3,R3,5,15,1423,1095102.09
2018-01,111,S1,L1,R2,5,15,1773,1291431.84
2018-01,112,S1,L1,R3,5,15,1562,1066434.69
2018-01,113,S2,L3,R3,5,15,1293,1029637.32
2018-01,114,S3,L1,R4,5,15,2148,1522308.72
2018-01,115,S4,L2,R1,5,15,3780,2276632.44
2018-01,116,S2,L3,R3,5,15,1382,1053138.15
2018-01,117,S1,L1,R3,5,15,1546,1179377.49
2018-01,118,S2,L1,R4,5,15,1502,1216729.62
2018-01,119,S1,L1,R3,5,15,1918,1324989.63
2018-01,120,S3,L2,R2,5,15,2278,1865843.8800000001
2018-01,121,S1,L1,R4,5,15,1965,1542174.75
2018-01,122,S1,L1,R2,5,15,1662,1295331.0
2018-01,123,S4,L2,R3,5,15,2278,1732158.45
2018-01,124,S3,L2,R3,5,15,2354,1783032.06
2018-01,125,S4,L2,R1,5,15,2992,1879860.48
2018-01,126,S4,L2,R2,5,15,3976,2808210.69
2018-01,127,S4,L2,R2,5,15,2885,1940943.6
2018-01,128,S1,L2,R2,5,15,1833,1390145.85
2018-01,129,S3,L1,R1,5,15,1898,1202548.98
2018-01,130,S1,L1,R3,5,15,1806,1257892.32
2018-01,131,S4,L2,R1,5,15,3580,2100932.67
2018-01,132,S1,L1,R3,5,15,2021,1471718.13
2018-01,133,S1,L1,R4,5,15,1890,1286230.83
2018-01,134,S1,L4,R1,5,15,1426,962891.49
2018-01,135,S1,L1,R4,5,15,1739,1387840.56
2018-01,136,S2,L5,R4,5,15,1087,839397.24
2018-01,137,S4,L1,R1,5,15,2305,1438740.21
2018-01,138,S1,L1,R1,5,15,1656,1109382.36
2018-01,139,S4,L2,R2,5,15,3240,2233780.74
2018-01,140,S4,L1,R1,5,15,2341,1611041.73
2018-01,141,S1,L1,R2,5,15,1761,1327641.63
2018-01,142,S2,L1,R3,5,15,1344,1028105.46
2018-01,143,S3,L2,R3,5,15,2261,1838792.7
2018-01,144,S1,L3,R3,5,15,1856,1214059.68
2018-01,145,S1,L3,R1,5,15,1694,1056092.79
2018-01,146,S4,L2,R1,5,15,4418,2603444.31
2018-01,147,S4,L2,R4,5,15,3510,2198371.86
2018-01,148,S1,L1,R2,5,15,1504,1150917.63
2018-01,149,S2,L3,R2,5,15,1408,999612.66
2018-01,150,S4,L2,R1,5,15,3283,2052411.27
2018-01,151,S1,L3,R2,5,15,1520,1036705.38
2018-01,152,S2,L1,R1,5,15,1474,1211855.85
2018-01,153,S4,L2,R1,5,15,4004,2524182.33
2018-01,154,S1,L3,R2,5,15,1917,1163372.1300000001
2018-01,155,S3,L1,R2,5,15,2146,1518673.8
2018-01,156,S1,L1,R3,5,15,1970,1460459.25
2018-01,157,S4,L2,R1,5,15,3292,1980391.08
2018-01,158,S4,L2,R2,5,15,3677,2085294.39
2018-01,159,S2,L1,R3,5,15,1541,1224953.1
2018-01,160,S4,L2,R1,5,15,4438,2569649.07
2018-01,161,S1,L1,R3,5,15,1595,1312383.3
2018-01,162,S4,L1,R2,5,15,2334,1531695.12
2018-01,163,S1,L2,R3,5,15,2019,1593407.16
2018-01,164,S1,L1,R3,5,15,1557,1199714.94
2018-01,165,S1,L1,R2,5,15,1907,1280061.09
2018-01,166,S1,L1,R2,5,15,1612,1205204.22
2018-01,167,S1,L1,R2,5,15,1704,1164659.52
2018-01,168,S2,L3,R3,5,15,1382,1040138.7
2018-01,169,S1,L2,R4,5,15,2102,1665064.68
2018-01,170,S1,L1,R2,5,15,1758,1429965.45
2018-01,171,S4,L2,R3,5,15,2444,1662259.14
2018-01,172,S1,L1,R1,5,15,2027,1350477.33
2018-01,173,S4,L2,R1,5,15,3605,2470272.48
2018-01,174,S1,L1,R4,5,15,1657,1243788.03
2018-01,175,S4,L2,R1,5,15,5158,3105760.8
2018-01,176,S4,L2,R3,5,15,3095,2227330.89
2018-01,177,S2,L1,R4,5,15,1558,1230718.05
2018-01,178,S3,L2,R3,5,15,2053,1520314.59
2018-01,179,S1,L1,R2,5,15,2173,1574967.09
2018-01,180,S1,L3,R2,5,15,1424,1035509.76
2018-01,181,S3,L1,R3,5,15,2188,1347660.33
2018-01,182,S3,L1,R1,5,15,1655,1022149.77
2018-01,183,S1,L3,R1,5,15,1879,1154184.54
2018-01,184,S1,L2,R2,5,15,1935,1566548.55
2018-01,185,S1,L1,R3,5,15,1683,1285679.49
2018-01,186,S2,L5,R2,5,15,1033,786653.49
2018-01,187,S1,L1,R1,5,15,1454,1050262.83
2018-01,188,S3,L2,R1,5,15,2301,1937524.56
2018-01,189,S2,L3,R3,5,15,1277,1018407.54
2018-01,190,S3,L3,R1,5,15,2348,1354765.44
2018-01,191,S3,L1,R1,5,15,2186,1351339.2
2018-01,192,S1,L1,R3,5,15,2011,1484548.8
2018-01,193,S2,L3,R4,5,15,1226,951176.22
2018-01,194,S1,L1,R2,5,15,1878,1320838.83
2018-01,195,S4,L1,R1,5,15,3112,1801951.44
2018-01,196,S1,L1,R3,5,15,1696,1395754.02
2018-01,197,S2,L5,R1,5,15,1280,843172.08
2018-01,198,S4,L2,R3,5,15,2789,1931284.2
2018-01,199,S1,L1,R4,5,15,1589,1199957.79
2018-01,200,S2,L1,R2,5,15,1258,1140582.63
2018-01,201,S4,L1,R1,5,15,2808,1598463.51
2018-01,202,S4,L2,R2,5,15,2428,1665795.87
2018-01,203,S2,L4,R2,5,15,1326,927191.43
2018-01,204,S4,L1,R3,5,15,2373,1477921.74
2018-01,205,S1,L1,R2,5,15,1818,1260307.02
2018-01,206,S1,L1,R1,5,15,1718,1249164.9
2018-01,207,S1,L1,R3,5,15,1701,1338055.53
2018-01,208,S3,L1,R1,5,15,2352,1515691.95
2018-01,209,S1,L1,R1,5,15,1356,984470.16
2018-01,210,S1,L5,R1,5,15,1325,804309.36
2018-01,211,S4,L2,R1,5,15,2959,1805068.26
2018-01,212,S4,L2,R3,5,15,3145,2037447.24
2018-01,213,S1,L1,R2,5,15,2057,1392420.96
2018-01,214,S1,L1,R4,5,15,1439,1101409.23
2018-01,215,S3,L2,R1,5,15,2172,1640098.17
2018-01,216,S2,L5,R1,5,15,1206,775443.87
2018-01,217,S4,L1,R1,5,15,2008,1250637.84
2018-01,218,S1,L3,R2,5,15,1745,1176824.91
2018-01,219,S4,L2,R1,5,15,3814,2117299.8
2018-01,220,S2,L4,R3,5,15,1479,1076322.72
2018-01,221,S1,L1,R2,5,15,2058,1441735.68
2018-01,222,S4,L2,R2,5,15,2916,1795709.73
2018-01,223,S2,L5,R2,5,15,1223,825280.29
2018-01,224,S1,L2,R2,5,15,1814,1380656.07
2018-01,225,S1,L1,R1,5,15,1592,1127077.02
2018-01,226,S2,L5,R4,5,15,1103,770541.69
2018-01,227,S4,L2,R1,5,15,2468,1737335.1
2018-01,228,S1,L1,R1,5,15,1485,1093256.13
2018-01,229,S1,L1,R2,5,15,1920,1278640.77
2018-01,230,S2,L4,R4,5,15,1082,824375.61
2018-01,231,S4,L2,R3,5,15,2719,1727967.33
2018-01,232,S1,L1,R4,5,15,1707,1225137.69
2018-01,233,S1,L3,R3,5,15,1696,1199796.15
2018-01,234,S2,L4,R2,5,15,1172,911494.41
2018-01,235,S1,L1,R3,5,15,1382,1076246.73
2018-01,236,S1,L1,R3,5,15,1760,1244253.93
2018-01,237,S2,L3,R3,5,15,1199,1002755.76
2018-01,238,S1,L1,R2,5,15,1439,1100297.7
2018-01,239,S3,L1,R3,5,15,2197,1517576.61
2018-01,240,S3,L2,R3,5,15,2259,1592852.61
2018-01,241,S1,L1,R4,5,15,2001,1563130.29
2018-01,242,S4,L1,R1,5,15,2539,1502433.33
2018-01,243,S4,L2,R2,5,15,2649,2009972.28
2018-01,244,S2,L5,R4,5,15,1303,863496.84
2018-01,245,S4,L1,R2,5,15,2665,1728067.62
2018-01,246,S3,L1,R3,5,15,2125,1507717.86
2018-01,247,S1,L1,R3,5,15,1772,1336350.99
2018-01,248,S1,L1,R2,5,15,1475,1104476.49
2018-01,249,S1,L3,R2,5,15,1754,1097231.82
2018-01,250,S2,L3,R4,5,15,1275,973428.57
2018-01,251,S2,L3,R1,5,15,1253,957732.36
2018-01,252,S3,L2,R1,5,15,2128,1551100.62
2018-01,253,S4,L2,R1,5,15,2560,1615571.43
2018-01,254,S4,L1,R1,5,15,2331,1552173.06
2018-01,255,S3,L2,R4,5,15,2254,1708284.3
2018-01,256,S1,L2,R4,5,15,1897,1567002.66
2018-01,257,S1,L3,R1,5,15,1603,1052284.56
2018-01,258,S2,L4,R4,5,15,1229,923201.64
2018-01,259,S4,L1,R1,5,15,2278,1366025.25
2018-01,260,S1,L1,R4,5,15,1631,1132912.68
2018-01,261,S4,L2,R1,5,15,2124,1406704.44
2018-01,262,S1,L1,R1,5,15,1896,1436809.47
2018-01,263,S1,L5,R1,5,15,1464,831763.23
2018-01,264,S3,L1,R3,5,15,1988,1399734.36
2018-01,265,S2,L4,R2,5,15,1545,1094096.37
2018-01,266,S1,L1,R4,5,15,1592,1124113.59
2018-01,267,S4,L2,R1,5,15,1946,1346223.24
2018-01,268,S1,L2,R1,5,15,1908,1463159.34
2018-01,269,S1,L4,R1,5,15,1838,1177965.6
2018-01,270,S1,L1,R2,5,15,1525,1092351.96
2018-01,271,S1,L3,R2,5,15,1899,1212081.96
2018-01,272,S2,L4,R2,5,15,1278,860098.59
2018-01,273,S2,L3,R4,5,15,1134,941896.8
2018-01,274,S4,L2,R4,5,15,2397,1749834.99
2018-01,275,S4,L1,R1,5,15,2459,1594238.01
2018-01,276,S1,L1,R2,5,15,1856,1274526.03
2018-01,277,S1,L3,R1,5,15,1706,1046275.38
2018-01,278,S4,L1,R4,5,15,3087,1951733.94
2018-01,279,S2,L3,R2,5,15,1435,1047082.77
2018-01,280,S4,L2,R2,5,15,3202,1949074.05
2018-01,281,S1,L4,R1,5,15,1950,1147217.1
2018-01,282,S1,L2,R2,5,15,2016,1748374.83
2018-01,283,S4,L1,R1,5,15,2462,1444171.23
2018-01,284,S4,L2,R3,5,15,2050,1478367.87
2018-01,285,S1,L3,R3,5,15,1398,1005436.2
2018-01,286,S4,L2,R4,5,13,3193,2274298.86
2018-01,287,S1,L4,R1,5,15,1704,990115.23
2018-01,288,S3,L2,R3,5,15,2514,1797884.94
2018-01,289,S2,L5,R2,5,15,1093,736628.64
2018-01,290,S1,L1,R3,5,15,1809,1307717.04
2018-01,291,S1,L3,R1,5,15,1683,995829.69
2018-01,292,S1,L1,R1,5,15,1553,1159228.14
2018-01,293,S2,L4,R2,5,15,1094,806370.66
2018-01,294,S4,L2,R2,5,15,3203,2036483.61
2018-01,295,S1,L1,R1,5,15,1708,1330427.01
2018-01,296,S1,L1,R1,5,15,1899,1320032.34
2018-01,297,S2,L3,R4,5,15,1224,886558.8
2018-01,298,S4,L1,R1,5,15,4116,2173777.53
2018-01,299,S1,L1,R3,5,15,1693,1341337.1099999999
2018-01,300,S2,L5,R2,5,13,1856,1126576.89
2018-01,301,S1,L3,R2,5,15,1740,1167228.87
2018-01,302,S1,L4,R2,5,15,1619,1006089.09
2018-01,303,S4,L2,R1,5,15,3382,1959962.55
2018-01,304,S1,L1,R4,5,15,1646,1137869.19
2018-01,305,S4,L1,R1,5,15,2568,1554218.6400000001
2018-01,306,S1,L3,R2,5,15,1498,1053997.38
2018-01,307,S1,L5,R2,5,15,1233,736279.32
2018-01,308,S4,L2,R3,5,15,2334,1602280.56
2018-01,309,S1,L5,R1,5,15,2189,1187240.31
2018-01,310,S2,L5,R1,5,15,1053,650157.09
2018-01,311,S4,L2,R2,5,15,3116,1984406.16
2018-01,312,S4,L2,R1,5,15,4916,2927410.02
2018-01,313,S1,L3,R1,5,15,1556,1030079.52
2018-01,314,S1,L1,R2,5,15,1952,1349686.86
2018-01,315,S4,L2,R1,5,15,3405,2035326.72
2018-01,316,S4,L2,R1,5,15,2580,1821207.63
2018-01,317,S3,L1,R1,5,15,1967,1190871.45
2018-01,318,S1,L3,R2,5,15,1851,1212652.23
2018-01,319,S3,L1,R2,5,15,2185,1537738.47
2018-01,320,S2,L3,R2,5,15,1360,982282.05
2018-01,321,S3,L1,R2,5,15,2175,1484971.68
2018-01,322,S2,L3,R4,5,15,1277,987016.32
2018-01,323,S1,L4,R1,5,15,1693,1069738.59
2018-01,324,S1,L2,R3,5,15,1967,1630490.55
2018-01,325,S3,L1,R2,5,15,2010,1441462.32
2018-01,326,S3,L1,R1,5,15,2084,1410821.1
2018-01,327,S4,L1,R3,5,15,2767,1667079.15
2018-01,328,S1,L3,R1,5,15,1472,1033167.12
2018-01,329,S4,L2,R3,5,15,2520,1860303.57
2018-01,330,S4,L2,R1,5,15,2427,1575663.75
2018-01,331,S1,L1,R4,5,15,1587,1164038.13
2018-01,332,S2,L5,R1,5,15,1173,771700.02
2018-01,333,S1,L1,R3,5,15,1542,1195065.54
2018-01,334,S3,L2,R2,5,15,2209,1679465.07
2018-01,335,S1,L1,R3,5,15,1788,1229750.94
2018-01,336,S4,L2,R1,5,15,3440,2114147.97
2018-01,337,S4,L2,R1,5,15,5083,3113076.18
2018-01,338,S4,L2,R1,5,15,2796,1903401.51
2018-01,339,S4,L2,R1,5,15,3030,1884694.35
2018-01,340,S4,L2,R3,5,15,2464,1726351.74
2018-01,341,S1,L1,R2,5,15,2043,1378157.82
2018-01,342,S4,L1,R1,5,15,2586,1508292.63
2018-01,343,S1,L1,R2,5,15,1808,1432178.67
2018-01,344,S1,L5,R1,5,15,1939,1060179.33
2018-01,345,S1,L1,R3,5,15,1571,1280863.2
2018-01,346,S4,L1,R1,5,15,3164,1930687.86
2018-01,347,S1,L1,R1,5,15,1815,1293379.08
2018-01,348,S3,L1,R1,5,15,2185,1375006.53
2018-01,349,S1,L1,R4,5,15,1977,1405228.62
2018-01,350,S1,L3,R2,5,15,1635,1111778.82
2018-01,351,S1,L4,R3,5,15,1434,938279.25
2018-01,352,S4,L1,R1,5,15,2099,1346275.98
2018-01,353,S1,L3,R3,5,15,1410,996641.91
2018-01,354,S4,L2,R1,5,15,3634,2552601.72
2018-01,355,S2,L4,R2,5,15,1260,981280.38
2018-01,356,S3,L3,R1,5,15,2014,1166063.46
2018-01,357,S4,L1,R1,5,13,3431,2021580.84
2018-01,358,S3,L1,R1,5,15,2187,1490068.86
2018-01,359,S2,L3,R2,5,15,1410,1130433.24
2018-01,360,S2,L1,R1,5,15,1364,1065611.91
2018-01,361,S1,L3,R1,5,15,1658,1098793.86
2018-01,362,S1,L3,R3,5,15,1701,1105973.67
2018-01,363,S1,L1,R2,5,15,2074,1387448.16
2018-01,364,S2,L3,R2,5,15,1408,1003769.31
2018-01,365,S2,L1,R2,5,15,1188,899486.43
2018-02,1,S1,L3,R1,3,10,1581,884656.5
2018-02,2,S3,L1,R3,3,10,2113,1252815.48
2018-02,3,S4,L2,R1,3,10,2969,1517052.66
2018-02,4,S1,L1,R2,3,10,1840,1051475.16
2018-02,5,S1,L1,R3,3,10,1904,1169552.4
2018-02,6,S4,L1,R1,3,10,2129,1151837.94
2018-02,7,S3,L1,R3,3,10,2087,1230922.98
2018-02,8,S4,L2,R2,3,10,2529,1503743.04
2018-02,9,S1,L1,R1,3,10,1407,910784.97
2018-02,10,S4,L2,R3,3,10,2457,1607390.46
2018-02,11,S4,L2,R1,3,10,3066,1781771.7
2018-02,12,S1,L3,R2,3,10,1426,825589.86
2018-02,13,S3,L3,R1,3,10,1796,912313.77
2018-02,14,S3,L2,R4,3,10,2370,1717794.24
2018-02,15,S4,L2,R1,3,10,3149,1813594.65
2018-02,16,S1,L3,R1,3,10,1700,911175.84
2018-02,17,S1,L1,R2,3,10,1841,1020019.71
2018-02,18,S4,L1,R1,3,10,2626,1427732.55
2018-02,19,S1,L1,R3,3,10,1493,1091304.99
2018-02,20,S1,L1,R1,3,10,1248,950264.28
2018-02,21,S3,L2,R4,3,10,1951,1264091.67
2018-02,22,S1,L1,R4,3,10,1671,1253446.59
2018-02,23,S1,L1,R4,3,10,1548,1081507.14
2018-02,24,S1,L1,R2,3,10,1546,933861.81
2018-02,25,S1,L3,R1,3,10,1780,992354.46
2018-02,26,S1,L1,R3,3,10,1825,1171818.09
2018-02,27,S1,L3,R3,3,10,1272,827663.46
2018-02,28,S3,L2,R3,3,10,2156,1448804.76
2018-02,29,S1,L4,R2,3,10,1340,791290.2
2018-02,30,S1,L2,R2,3,10,1913,1275704.58
2018-02,31,S1,L5,R2,3,10,1371,738294.0
2018-02,32,S1,L1,R2,3,10,1668,1161061.77
2018-02,33,S4,L2,R4,3,10,2465,1554572.76
2018-02,34,S1,L3,R1,3,10,1662,903655.35
2018-02,35,S1,L1,R2,3,10,1778,1079201.01
2018-02,36,S1,L3,R4,3,10,1513,901579.26
2018-02,37,S1,L3,R3,3,10,1396,918238.95
2018-02,38,S1,L3,R2,3,10,1437,940187.58
2018-02,39,S4,L1,R1,3,10,2942,1516979.64
2018-02,40,S1,L1,R4,3,10,1685,1240946.22
2018-02,41,S1,L1,R2,3,10,1852,1189344.66
2018-02,42,S1,L4,R3,3,10,1363,791638.44
2018-02,43,S1,L1,R2,3,10,1456,923672.94
2018-02,44,S1,L3,R2,3,10,1880,1032644.04
2018-02,45,S3,L1,R1,3,10,1879,1071458.46
2018-02,46,S2,L1,R2,3,10,1227,864219.51
2018-02,47,S4,L2,R2,3,10,2864,1642651.6199999999
2018-02,48,S1,L1,R2,3,10,1464,1021950.12
2018-02,49,S4,L1,R2,3,10,2791,1503842.46
2018-02,50,S3,L2,R4,3,10,2127,1377338.22
2018-02,51,S1,L1,R2,3,10,1394,903575.13
2018-02,52,S1,L1,R3,3,10,1722,1085491.71
2018-02,53,S3,L1,R2,3,10,1970,1168832.91
2018-02,54,S1,L2,R3,3,10,1609,1167253.2
2018-02,55,S1,L1,R2,3,10,1868,1145075.7
2018-02,56,S2,L5,R3,3,10,1172,693699.84
2018-02,57,S4,L1,R1,3,10,2290,1185731.52
2018-02,58,S1,L1,R1,3,10,1638,1020314.64
2018-02,59,S1,L3,R1,3,10,1321,748429.56
2018-02,60,S1,L5,R2,3,10,1229,680733.15
2018-02,61,S1,L1,R3,3,10,1811,1074437.19
2018-02,62,S2,L5,R1,3,10,1115,698364.39
2018-02,63,S1,L1,R2,3,10,2022,1309391.01
2018-02,64,S3,L1,R2,3,10,2056,1229460.72
2018-02,65,S1,L2,R2,3,10,2582,1927640.7
2018-02,66,S3,L3,R3,3,10,1926,1029232.5
2018-02,67,S2,L5,R1,3,10,918,510750.33
2018-02,68,S1,L2,R4,3,10,1906,1317813.24
2018-02,69,S1,L1,R4,3,10,1484,946214.19
2018-02,70,S1,L1,R3,3,10,1658,998186.1
2018-02,71,S2,L5,R1,3,10,884,544886.01
2018-02,72,S1,L2,R3,3,10,1966,1359172.5
2018-02,73,S3,L2,R4,3,10,2081,1488641.34
2018-02,74,S3,L1,R2,3,10,2127,1269440.04
2018-02,75,S3,L2,R3,3,10,2188,1456449.36
2018-02,76,S2,L3,R3,3,10,1153,791816.64
2018-02,77,S2,L5,R3,3,10,942,607066.14
2018-02,78,S1,L1,R4,3,10,1321,863831.34
2018-02,79,S2,L5,R4,3,10,994,647961.12
2018-02,80,S1,L1,R1,3,10,1492,914081.07
2018-02,81,S3,L2,R1,3,10,1892,1292411.28
2018-02,82,S4,L2,R1,3,10,2918,1541975.19
2018-02,83,S2,L5,R1,3,10,769,526024.38
2018-02,84,S1,L1,R3,3,10,1866,1136707.5
2018-02,85,S4,L2,R1,3,10,3126,1688262.39
2018-02,86,S1,L1,R4,3,10,1439,953300.49
2018-02,87,S4,L2,R3,3,10,2503,1733539.98
2018-02,88,S2,L5,R2,3,10,1162,743151.78
2018-02,89,S1,L4,R1,3,10,1422,784730.79
2018-02,90,S1,L1,R3,3,10,1787,1076239.2
2018-02,91,S3,L1,R1,3,10,1944,1169527.5
2018-02,92,S1,L4,R2,3,10,1376,730771.35
2018-02,93,S1,L1,R4,3,10,1451,981132.0
2018-02,94,S4,L2,R2,3,10,2330,1439389.47
2018-02,95,S3,L1,R1,3,10,2156,1177592.43
2018-02,96,S3,L1,R3,3,10,2080,1206791.85
2018-02,97,S4,L1,R1,3,10,2702,1482385.68
2018-02,98,S2,L5,R2,3,10,968,642622.68
2018-02,99,S1,L1,R3,3,10,1873,1091364.06
2018-02,100,S1,L1,R2,3,10,1700,1086829.92
2018-02,101,S1,L4,R3,3,10,1345,804614.49
2018-02,102,S4,L2,R1,3,10,2537,1532899.2
2018-02,103,S1,L3,R3,3,10,1580,920620.86
2018-02,104,S1,L1,R2,3,10,1700,1019108.52
2018-02,105,S4,L2,R1,3,10,2248,1326024.66
2018-02,106,S1,L1,R4,3,10,1671,1040075.97
2018-02,107,S1,L3,R3,3,10,1528,890033.34
2018-02,108,S1,L1,R4,3,10,1852,1246143.93
2018-02,109,S1,L1,R1,3,10,1837,1101284.52
2018-02,110,S2,L3,R3,3,10,1306,897179.52
2018-02,111,S1,L1,R2,3,10,1808,1180895.13
2018-02,112,S1,L1,R3,3,10,1570,956902.74
2018-02,113,S2,L3,R3,3,10,1166,835410.81
2018-02,114,S3,L1,R4,3,10,2109,1329681.3599999999
2018-02,115,S4,L2,R1,3,10,3477,1837358.52
2018-02,116,S2,L3,R3,3,10,1227,850881.45
2018-02,117,S1,L1,R3,3,10,1467,990157.47
2018-02,118,S2,L1,R4,3,10,1321,954907.74
2018-02,119,S1,L1,R3,3,10,1769,1070225.7
2018-02,120,S3,L2,R2,3,10,2048,1474488.78
2018-02,121,S1,L1,R4,3,10,1809,1246716.12
2018-02,122,S1,L1,R2,3,10,1485,1022953.92
2018-02,123,S4,L2,R3,3,10,2229,1498863.42
2018-02,124,S3,L2,R3,3,10,2141,1417214.22
2018-02,125,S4,L2,R1,3,10,2866,1564110.51
2018-02,126,S4,L2,R2,3,10,3826,2427268.14
2018-02,127,S4,L2,R2,3,10,2707,1587128.13
2018-02,128,S1,L2,R2,3,10,1672,1118580.69
2018-02,129,S3,L1,R1,3,10,1905,1062059.1
2018-02,130,S1,L1,R3,3,10,1743,1068285.48
2018-02,131,S4,L2,R1,3,10,3418,1782830.43
2018-02,132,S1,L1,R3,3,10,1882,1198336.05
2018-02,133,S1,L1,R4,3,10,1658,987099.9
2018-02,134,S1,L4,R1,3,10,1373,809416.77
2018-02,135,S1,L1,R4,3,10,1552,1101410.55
2018-02,136,S2,L5,R4,3,10,994,689239.92
2018-02,137,S4,L1,R1,3,10,2321,1295142.84
2018-02,138,S1,L1,R1,3,10,1588,945353.28
2018-02,139,S4,L2,R2,3,10,2770,1678745.01
2018-02,140,S4,L1,R1,3,10,2140,1287699.9
2018-02,141,S1,L1,R2,3,10,1553,1040564.13
2018-02,142,S2,L1,R3,3,10,1231,843297.87
2018-02,143,S3,L2,R3,3,10,2232,1609758.15
2018-02,144,S1,L3,R3,3,10,1676,978012.3
2018-02,145,S1,L3,R1,3,10,1657,907612.65
2018-02,146,S4,L2,R1,3,10,4100,2150869.29
2018-02,147,S4,L2,R4,3,10,3060,1720458.54
2018-02,148,S1,L1,R2,3,10,1342,916026.84
2018-02,149,S2,L3,R2,3,10,1215,751911.9
2018-02,150,S4,L2,R1,3,10,3129,1701197.07
2018-02,151,S1,L3,R2,3,10,1308,798432.51
2018-02,152,S2,L1,R1,3,10,1296,945720.27
2018-02,153,S4,L2,R1,3,10,3773,2081881.89
2018-02,154,S1,L3,R2,3,10,1801,965109.42
2018-02,155,S3,L1,R2,3,10,1934,1199994.84
2018-02,156,S1,L1,R3,3,10,1822,1168205.31
2018-02,157,S4,L2,R1,3,10,3035,1648669.62
2018-02,158,S4,L2,R2,3,10,3328,1702002.18
2018-02,159,S2,L1,R3,3,10,1245,906958.26
2018-02,160,S4,L2,R1,3,10,4263,2195732.22
2018-02,161,S1,L1,R3,3,10,1339,995303.79
2018-02,162,S4,L1,R2,3,10,2259,1301514.12
2018-02,163,S1,L2,R3,3,10,1948,1361226.78
2018-02,164,S1,L1,R3,3,10,1429,958324.32
2018-02,165,S1,L1,R2,3,10,1795,1087907.01
2018-02,166,S1,L1,R2,3,10,1475,987169.98
2018-02,167,S1,L1,R2,3,10,1514,905778.36
2018-02,168,S2,L3,R3,3,10,1230,829888.98
2018-02,169,S1,L2,R4,3,10,1898,1350430.2
2018-02,170,S1,L1,R2,3,10,1577,1156919.85
2018-02,171,S4,L2,R3,3,10,2452,1466419.2
2018-02,172,S1,L1,R1,3,10,1868,1112376.09
2018-02,173,S4,L2,R1,3,10,3277,1999365.12
2018-02,174,S1,L1,R4,3,10,1452,971246.82
2018-02,175,S4,L2,R1,3,10,4906,2623565.79
2018-02,176,S4,L2,R3,3,10,2988,1892086.02
2018-02,177,S2,L1,R4,3,10,1317,918623.31
2018-02,178,S3,L2,R3,3,10,1924,1232439.3
2018-02,179,S1,L1,R2,3,10,1936,1258519.08
2018-02,180,S1,L3,R2,3,10,1196,768141.24
2018-02,181,S3,L1,R3,3,10,2064,1120626.54
2018-02,182,S3,L1,R1,3,10,1695,920174.28
2018-02,183,S1,L3,R1,3,10,1806,982900.98
2018-02,184,S1,L2,R2,3,10,1751,1274554.08
2018-02,185,S1,L1,R3,3,10,1654,1115839.92
2018-02,186,S2,L5,R2,3,10,923,625472.46
2018-02,187,S1,L1,R1,3,10,1379,881101.8
2018-02,188,S3,L2,R1,3,10,2124,1611382.56
2018-02,189,S2,L3,R3,3,10,1158,811259.1
2018-02,190,S3,L3,R1,3,10,2175,1126941.51
2018-02,191,S3,L1,R1,3,10,2047,1128595.62
2018-02,192,S1,L1,R3,3,10,1803,1163557.62
2018-02,193,S2,L3,R4,3,10,1136,781011.3
2018-02,194,S1,L1,R2,3,10,1766,1107950.49
2018-02,195,S4,L1,R1,3,10,2865,1512137.16
2018-02,196,S1,L1,R3,3,10,1471,1093784.1
2018-02,197,S2,L5,R1,3,10,1136,655272.81
2018-02,198,S4,L2,R3,3,10,2648,1598413.89
2018-02,199,S1,L1,R4,3,10,1435,965794.11
2018-02,200,S2,L1,R2,3,10,1148,922628.73
2018-02,201,S4,L1,R1,3,10,2672,1345873.5
2018-02,202,S4,L2,R2,3,10,2368,1457889.03
2018-02,203,S2,L4,R2,3,10,1158,719015.55
2018-02,204,S4,L1,R3,3,10,2418,1360788.06
2018-02,205,S1,L1,R2,3,10,1843,1149481.86
2018-02,206,S1,L1,R1,3,10,1610,1068875.4
2018-02,207,S1,L1,R3,3,10,1622,1154773.08
2018-02,208,S3,L1,R1,3,10,2134,1201091.88
2018-02,209,S1,L1,R1,3,10,1446,933377.01
2018-02,210,S1,L5,R1,3,10,1367,729312.39
2018-02,211,S4,L2,R1,3,10,2824,1509853.65
2018-02,212,S4,L2,R3,3,10,2839,1660272.39
2018-02,213,S1,L1,R2,3,10,1844,1127961.57
2018-02,214,S1,L1,R4,3,10,1411,953262.54
2018-02,215,S3,L2,R1,3,10,2103,1411832.88
2018-02,216,S2,L5,R1,3,10,1124,629841.57
2018-02,217,S4,L1,R1,3,10,1969,1091755.2
2018-02,218,S1,L3,R2,3,10,1467,881046.27
2018-02,219,S4,L2,R1,3,10,3542,1747253.88
2018-02,220,S2,L4,R3,3,10,1222,814999.08
2018-02,221,S1,L1,R2,3,10,1833,1150191.39
2018-02,222,S4,L2,R2,3,10,2800,1553752.83
2018-02,223,S2,L5,R2,3,10,1146,675233.67
2018-02,224,S1,L2,R2,3,10,1636,1107257.88
2018-02,225,S1,L1,R1,3,10,1570,979735.89
2018-02,226,S2,L5,R4,3,10,990,605494.17
2018-02,227,S4,L2,R1,3,10,2311,1447015.77
2018-02,228,S1,L1,R1,3,10,1450,934640.64
2018-02,229,S1,L1,R2,3,10,1811,1065646.08
2018-02,230,S2,L4,R4,3,10,972,669560.55
2018-02,231,S4,L2,R3,3,10,2643,1488828.06
2018-02,232,S1,L1,R4,3,10,1505,978227.82
2018-02,233,S1,L3,R3,3,10,1551,969652.8
2018-02,234,S2,L4,R2,3,10,1091,752333.91
2018-02,235,S1,L1,R3,3,10,1266,886208.22
2018-02,236,S1,L1,R3,3,10,1630,1024407.9299999999
2018-02,237,S2,L3,R3,3,10,1056,772937.97
2018-02,238,S1,L1,R2,3,10,1289,894511.65
2018-02,239,S3,L1,R3,3,10,1964,1206861.33
2018-02,240,S3,L2,R3,3,10,2142,1325350.8
2018-02,241,S1,L1,R4,3,10,1791,1235890.3800000001
2018-02,242,S4,L1,R1,3,10,2475,1281257.1
2018-02,243,S4,L2,R2,3,10,2399,1653401.79
2018-02,244,S2,L5,R4,3,10,1144,671029.62
2018-02,245,S4,L1,R2,3,10,2441,1417281.45
2018-02,246,S3,L1,R3,3,10,1883,1182630.39
2018-02,247,S1,L1,R3,3,10,1592,1079592.15
2018-02,248,S1,L1,R2,3,10,1381,929926.53
2018-02,249,S1,L3,R2,3,10,1610,886025.73
2018-02,250,S2,L3,R4,3,10,1151,784196.34
2018-02,251,S2,L3,R1,3,10,1215,805782.87
2018-02,252,S3,L2,R1,3,10,2134,1390630.05
2018-02,253,S4,L2,R1,3,10,2407,1341194.28
2018-02,254,S4,L1,R1,3,10,2162,1281542.82
2018-02,255,S3,L2,R4,3,10,2045,1378844.16
2018-02,256,S1,L2,R4,3,10,1749,1286111.85
2018-02,257,S1,L3,R1,3,10,1544,890268.69
2018-02,258,S2,L4,R4,3,10,1092,737429.55
2018-02,259,S4,L1,R1,3,10,2173,1160290.38
2018-02,260,S1,L1,R4,3,10,1473,944853.12
2018-02,261,S4,L2,R1,3,10,2119,1237609.59
2018-02,262,S1,L1,R1,3,10,1789,1191336.18
2018-02,263,S1,L5,R1,3,10,1509,744737.49
2018-02,264,S3,L1,R3,3,10,1853,1169086.56
2018-02,265,S2,L4,R2,3,10,1396,882742.92
2018-02,266,S1,L1,R4,3,10,1476,942430.41
2018-02,267,S4,L2,R1,3,10,1787,1102118.25
2018-02,268,S1,L2,R1,3,10,1603,1090751.91
2018-02,269,S1,L4,R1,3,10,1657,941262.21
2018-02,270,S1,L1,R2,3,10,1446,932819.61
2018-02,271,S1,L3,R2,3,10,1857,1049396.85
2018-02,272,S2,L4,R2,3,10,1230,733847.4
2018-02,273,S2,L3,R4,3,10,1034,765582.72
2018-02,274,S4,L2,R4,3,10,2446,1563150.3900000001
2018-02,275,S4,L1,R1,3,10,2220,1258068.36
2018-02,276,S1,L1,R2,3,10,1759,1084019.91
2018-02,277,S1,L3,R1,3,10,1592,861858.63
2018-02,278,S4,L1,R4,3,10,2725,1530126.06
2018-02,279,S2,L3,R2,3,10,1255,823857.0
2018-02,280,S4,L2,R2,3,10,3015,1607269.77
2018-02,281,S1,L4,R1,3,10,1776,931268.43
2018-02,282,S1,L2,R2,3,10,1854,1442363.79
2018-02,283,S4,L1,R1,3,10,2368,1204738.56
2018-02,284,S4,L2,R3,3,10,2234,1371524.34
2018-02,285,S1,L3,R3,3,10,1293,824179.86
2018-02,286,S4,L2,R4,3,13,2959,1728934.1099999999
2018-02,287,S1,L4,R1,3,10,1669,858672.78
2018-02,288,S3,L2,R3,3,10,2267,1458981.96
2018-02,289,S2,L5,R2,3,10,988,590144.52
2018-02,290,S1,L1,R3,3,10,1653,1056029.16
2018-02,291,S1,L3,R1,3,10,1546,818622.69
2018-02,292,S1,L1,R1,3,10,1277,846923.22
2018-02,293,S2,L4,R2,3,10,1010,658845.9
2018-02,294,S4,L2,R2,3,10,3047,1686720.36
2018-02,295,S1,L1,R1,3,10,1497,1051848.66
2018-02,296,S1,L1,R1,3,10,1739,1065099.48
2018-02,297,S2,L3,R4,3,10,1256,797543.46
2018-02,298,S4,L1,R1,3,10,3797,1774900.17
2018-02,299,S1,L1,R3,3,10,1644,1181161.41
2018-02,300,S2,L5,R2,3,10,1445,783643.95
2018-02,301,S1,L3,R2,3,10,1608,952888.71
2018-02,302,S1,L4,R2,3,10,1511,833138.88
2018-02,303,S4,L2,R1,3,10,3110,1626624.75
2018-02,304,S1,L1,R4,3,10,1518,916676.31
2018-02,305,S4,L1,R1,3,10,2432,1314464.43
2018-02,306,S1,L3,R2,3,10,1414,880348.5
2018-02,307,S1,L5,R2,3,10,1224,650003.58
2018-02,308,S4,L2,R3,3,10,2424,1446076.98
2018-02,309,S1,L5,R1,3,10,1880,909181.32
2018-02,310,S2,L5,R1,3,10,1072,588173.34
2018-02,311,S4,L2,R2,3,10,2776,1562580.69
2018-02,312,S4,L2,R1,3,10,4593,2448091.44
2018-02,313,S1,L3,R1,3,10,1386,810973.8
2018-02,314,S1,L1,R2,3,10,1822,1121938.41
2018-02,315,S4,L2,R1,3,10,3273,1743513.12
2018-02,316,S4,L2,R1,3,10,2209,1404930.27
2018-02,317,S3,L1,R1,3,10,1892,1021404.66
2018-02,318,S1,L3,R2,3,10,1650,973586.82
2018-02,319,S3,L1,R2,3,10,2072,1281360.18
2018-02,320,S2,L3,R2,3,10,1329,833158.14
2018-02,321,S3,L1,R2,3,10,2044,1232581.47
2018-02,322,S2,L3,R4,3,10,1119,765936.6
2018-02,323,S1,L4,R1,3,10,1528,861003.18
2018-02,324,S1,L2,R3,3,10,1819,1318977.42
2018-02,325,S3,L1,R2,3,10,1913,1245976.44
2018-02,326,S3,L1,R1,3,10,2120,1271263.26
2018-02,327,S4,L1,R3,3,10,2404,1280834.67
2018-02,328,S1,L3,R1,3,10,1283,815887.23
2018-02,329,S4,L2,R3,3,10,2291,1484673.69
2018-02,330,S4,L2,R1,3,10,2374,1340629.23
2018-02,331,S1,L1,R4,3,10,1445,960419.76
2018-02,332,S2,L5,R1,3,10,1147,666567.96
2018-02,333,S1,L1,R3,3,10,1416,972804.24
2018-02,334,S3,L2,R2,3,10,2026,1355667.0
2018-02,335,S1,L1,R3,3,10,1670,1007247.78
2018-02,336,S4,L2,R1,3,10,3380,1883750.94
2018-02,337,S4,L2,R1,3,10,4510,2440460.13
2018-02,338,S4,L2,R1,3,10,2628,1561942.5
2018-02,339,S4,L2,R1,3,10,2917,1608689.82
2018-02,340,S4,L2,R3,3,10,2442,1515897.54
2018-02,341,S1,L1,R2,3,10,1837,1094922.36
2018-02,342,S4,L1,R1,3,10,2376,1253603.31
2018-02,343,S1,L1,R2,3,10,1584,1122851.46
2018-02,344,S1,L5,R1,3,10,1776,876519.24
2018-02,345,S1,L1,R3,3,10,1448,1068492.15
2018-02,346,S4,L1,R1,3,10,2921,1570342.92
2018-02,347,S1,L1,R1,3,10,1610,1028315.73
2018-02,348,S3,L1,R1,3,10,2084,1162035.12
2018-02,349,S1,L1,R4,3,10,1939,1242042.45
2018-02,350,S1,L3,R2,3,10,1432,865488.96
2018-02,351,S1,L4,R3,3,10,1438,844712.01
2018-02,352,S4,L1,R1,3,10,1904,1068930.57
2018-02,353,S1,L3,R3,3,10,1432,904153.65
2018-02,354,S4,L2,R1,3,10,3391,2117240.64
2018-02,355,S2,L4,R2,3,10,1130,788469.66
2018-02,356,S3,L3,R1,3,10,2008,1024021.14
2018-02,357,S4,L1,R1,3,10,2847,1518770.25
2018-02,358,S3,L1,R1,3,10,1936,1189412.91
2018-02,359,S2,L3,R2,3,10,1238,873109.89
2018-02,360,S2,L1,R1,3,10,1222,837951.78
2018-02,361,S1,L3,R1,3,10,1617,942568.17
2018-02,362,S1,L3,R3,3,10,1573,902255.55
2018-02,363,S1,L1,R2,3,10,1883,1111885.74
2018-02,364,S2,L3,R2,3,10,1281,818212.56
2018-02,365,S2,L1,R2,3,10,1148,762627.36
2018-03,1,S1,L3,R1,6,17,1756,991352.1
2018-03,2,S3,L1,R3,6,17,2412,1424257.74
2018-03,3,S4,L2,R1,6,17,3258,1673543.58
2018-03,4,S1,L1,R2,6,17,2046,1185652.08
2018-03,5,S1,L1,R3,6,17,2112,1287397.23
2018-03,6,S4,L1,R1,6,17,2296,1259975.46
2018-03,7,S3,L1,R3,6,17,2231,1319144.52
2018-03,8,S4,L2,R2,6,17,2779,1648237.68
2018-03,9,S1,L1,R1,6,17,1655,1066826.19
2018-03,10,S4,L2,R3,6,17,2837,1853515.59
2018-03,11,S4,L2,R1,6,17,3452,2016083.1
2018-03,12,S1,L3,R2,6,17,1529,877134.87
2018-03,13,S3,L3,R1,6,17,1993,1018361.67
2018-03,14,S3,L2,R4,6,17,2729,1979916.99
2018-03,15,S4,L2,R1,6,17,3407,1947794.28
2018-03,16,S1,L3,R1,6,17,3005,1655968.08
2018-03,17,S1,L1,R2,6,17,2146,1216018.59
2018-03,18,S4,L1,R1,6,17,2938,1619865.27
2018-03,19,S1,L1,R3,6,17,1655,1215115.32
2018-03,20,S1,L1,R1,6,17,1426,1082590.38
2018-03,21,S3,L2,R4,6,17,2276,1476472.86
2018-03,22,S1,L1,R4,6,17,1808,1353321.21
2018-03,23,S1,L1,R4,6,17,1799,1267259.76
2018-03,24,S1,L1,R2,6,17,1639,1003176.09
2018-03,25,S1,L3,R1,6,17,1806,1009373.55
2018-03,26,S1,L1,R3,6,17,2108,1338362.64
2018-03,27,S1,L3,R3,6,17,1355,883132.74
2018-03,28,S3,L2,R3,6,17,2394,1610931.81
2018-03,29,S1,L4,R2,6,17,1539,928454.73
2018-03,30,S1,L2,R2,6,17,2151,1444210.56
2018-03,31,S1,L5,R2,6,17,1458,788878.11
2018-03,32,S1,L1,R2,6,17,1833,1279470.03
2018-03,33,S4,L2,R4,6,17,2747,1738304.88
2018-03,34,S1,L3,R1,6,17,1913,1057313.01
2018-03,35,S1,L1,R2,6,17,1969,1198902.57
2018-03,36,S1,L3,R4,6,17,1625,979732.35
2018-03,37,S1,L3,R3,6,17,1557,1024969.92
2018-03,38,S1,L3,R2,6,17,1630,1060832.76
2018-03,39,S4,L1,R1,6,17,3377,1747799.7
2018-03,40,S1,L1,R4,6,17,1842,1340133.48
2018-03,41,S1,L1,R2,6,17,2095,1348604.55
2018-03,42,S1,L4,R3,6,17,1429,829118.16
2018-03,43,S1,L1,R2,6,17,1700,1080374.46
2018-03,44,S1,L3,R2,6,17,2184,1201455.69
2018-03,45,S3,L1,R1,6,17,2060,1178379.21
2018-03,46,S2,L1,R2,6,17,1407,1004794.32
2018-03,47,S4,L2,R2,6,17,3153,1807167.78
2018-03,48,S1,L1,R2,6,17,1680,1174082.4
2018-03,49,S4,L1,R2,6,17,3201,1727482.59
2018-03,50,S3,L2,R4,6,17,2370,1544112.72
2018-03,51,S1,L1,R2,6,17,1535,1008963.81
2018-03,52,S1,L1,R3,6,17,1965,1247855.04
2018-03,53,S3,L1,R2,6,17,2066,1238592.09
2018-03,54,S1,L2,R3,6,17,1843,1343691.96
2018-03,55,S1,L1,R2,6,17,2098,1287961.65
2018-03,56,S2,L5,R3,6,17,1307,783507.6900000001
2018-03,57,S4,L1,R1,6,17,2486,1288187.64
2018-03,58,S1,L1,R1,6,17,1835,1158798.12
2018-03,59,S1,L3,R1,6,17,1686,982002.81
2018-03,60,S1,L5,R2,6,17,1505,830253.24
2018-03,61,S1,L1,R3,6,17,2118,1274709.03
2018-03,62,S2,L5,R1,6,17,1216,758675.28
2018-03,63,S1,L1,R2,6,17,2258,1451089.11
2018-03,64,S3,L1,R2,6,17,2308,1373206.5
2018-03,65,S1,L2,R2,6,17,2846,2131524.12
2018-03,66,S3,L3,R3,6,17,2138,1144946.52
2018-03,67,S2,L5,R1,6,17,974,547930.2
2018-03,68,S1,L2,R4,6,17,2127,1481886.66
2018-03,69,S1,L1,R4,6,17,1698,1073381.25
2018-03,70,S1,L1,R3,6,12,1488,899288.4299999999
2018-03,71,S2,L5,R1,6,17,1040,643325.52
2018-03,72,S1,L2,R3,6,17,2184,1506370.05
2018-03,73,S3,L2,R4,6,17,2339,1683002.64
2018-03,74,S3,L1,R2,6,17,2353,1416967.68
2018-03,75,S3,L2,R3,6,17,2465,1655170.2
2018-03,76,S2,L3,R3,6,17,1339,921113.1
2018-03,77,S2,L5,R3,6,17,1046,675899.37
2018-03,78,S1,L1,R4,6,17,1511,996065.37
2018-03,79,S2,L5,R4,6,17,1191,778762.08
2018-03,80,S1,L1,R1,6,17,1801,1105600.32
2018-03,81,S3,L2,R1,6,17,2192,1512127.77
2018-03,82,S4,L2,R1,6,17,3179,1695977.43
2018-03,83,S2,L5,R1,6,17,877,591323.19
2018-03,84,S1,L1,R3,6,17,2166,1318223.01
2018-03,85,S4,L2,R1,6,17,3363,1821114.48
2018-03,86,S1,L1,R4,6,17,1543,1039057.65
2018-03,87,S4,L2,R3,6,17,2967,2094060.24
2018-03,88,S2,L5,R2,6,17,1304,836807.28
2018-03,89,S1,L4,R1,6,17,1487,836199.57
2018-03,90,S1,L1,R3,6,17,2010,1227143.37
2018-03,91,S3,L1,R1,6,17,2217,1349877.24
2018-03,92,S1,L4,R2,6,17,1502,812948.88
2018-03,93,S1,L1,R4,6,17,1675,1128135.72
2018-03,94,S4,L2,R2,6,17,2659,1627720.86
2018-03,95,S3,L1,R1,6,17,2249,1233713.58
2018-03,96,S3,L1,R3,6,17,2466,1452631.68
2018-03,97,S4,L1,R1,6,17,3055,1687377.81
2018-03,98,S2,L5,R2,6,17,1057,707418.63
2018-03,99,S1,L1,R3,6,17,2137,1256832.27
2018-03,100,S1,L1,R2,6,17,1893,1202370.54
2018-03,101,S1,L4,R3,6,17,1511,900110.13
2018-03,102,S4,L2,R1,6,17,2796,1699850.04
2018-03,103,S1,L3,R3,6,17,1823,1068926.82
2018-03,104,S1,L1,R2,6,17,1884,1125410.46
2018-03,105,S4,L2,R1,6,17,2447,1441193.88
2018-03,106,S1,L1,R4,6,17,1810,1130730.45
2018-03,107,S1,L3,R3,6,17,1604,937252.68
2018-03,108,S1,L1,R4,6,17,2068,1392913.05
2018-03,109,S1,L1,R1,6,17,2176,1293682.38
2018-03,110,S2,L3,R3,6,17,1489,1011343.29
2018-03,111,S1,L1,R2,6,17,2046,1329079.44
2018-03,112,S1,L1,R3,6,17,1728,1046895.63
2018-03,113,S2,L3,R3,6,17,1279,924559.5
2018-03,114,S3,L1,R4,6,17,2342,1480512.93
2018-03,115,S4,L2,R1,6,17,4081,2189653.35
2018-03,116,S2,L3,R3,6,17,1332,904711.11
2018-03,117,S1,L1,R3,6,17,1745,1174852.14
2018-03,118,S2,L1,R4,6,17,1483,1076774.64
2018-03,119,S1,L1,R3,6,17,2008,1225937.07
2018-03,120,S3,L2,R2,6,17,2411,1784611.38
2018-03,121,S1,L1,R4,6,17,2078,1429164.75
2018-03,122,S1,L1,R2,6,17,1735,1213668.09
2018-03,123,S4,L2,R3,6,17,2528,1694046.48
2018-03,124,S3,L2,R3,6,17,2284,1515086.6099999999
2018-03,125,S4,L2,R1,6,17,3142,1730884.74
2018-03,126,S4,L2,R2,6,17,4295,2732928.69
2018-03,127,S4,L2,R2,6,17,2908,1729088.25
2018-03,128,S1,L2,R2,6,17,1856,1242960.48
2018-03,129,S3,L1,R1,6,17,2225,1263390.87
2018-03,130,S1,L1,R3,6,17,1824,1133419.98
2018-03,131,S4,L2,R1,6,17,3842,2019601.68
2018-03,132,S1,L1,R3,6,17,1948,1242739.14
2018-03,133,S1,L1,R4,6,17,1894,1125411.21
2018-03,134,S1,L4,R1,6,17,1580,935196.69
2018-03,135,S1,L1,R4,6,17,1778,1265602.32
2018-03,136,S2,L5,R4,6,17,1083,750760.95
2018-03,137,S4,L1,R1,6,17,2614,1473780.12
2018-03,138,S1,L1,R1,6,17,1881,1134576.54
2018-03,139,S4,L2,R2,6,17,3160,1894578.66
2018-03,140,S4,L1,R1,6,17,2502,1500184.98
2018-03,141,S1,L1,R2,6,17,1671,1110031.74
2018-03,142,S2,L1,R3,6,17,1363,929613.18
2018-03,143,S3,L2,R3,6,17,2443,1778594.76
2018-03,144,S1,L3,R3,6,17,1957,1161291.66
2018-03,145,S1,L3,R1,6,17,1998,1110406.59
2018-03,146,S4,L2,R1,6,17,4677,2475424.08
2018-03,147,S4,L2,R4,6,17,3236,1832927.76
2018-03,148,S1,L1,R2,6,17,1496,1025008.44
2018-03,149,S2,L3,R2,6,17,1338,837917.01
2018-03,150,S4,L2,R1,6,17,3435,1899254.7
2018-03,151,S1,L3,R2,6,17,1521,931678.26
2018-03,152,S2,L1,R1,6,17,1427,1045294.5
2018-03,153,S4,L2,R1,6,17,4085,2303470.44
2018-03,154,S1,L3,R2,6,17,1892,1016135.91
2018-03,155,S3,L1,R2,6,17,2186,1345698.78
2018-03,156,S1,L1,R3,6,17,1890,1232466.42
2018-03,157,S4,L2,R1,6,17,3458,1890701.16
2018-03,158,S4,L2,R2,6,17,3797,1955757.81
2018-03,159,S2,L1,R3,6,17,1428,1045698.42
2018-03,160,S4,L2,R1,6,17,4854,2523397.32
2018-03,161,S1,L1,R3,6,17,1506,1126958.22
2018-03,162,S4,L1,R2,6,17,2626,1519159.05
2018-03,163,S1,L2,R3,6,17,2192,1524249.3
2018-03,164,S1,L1,R3,6,17,1605,1081480.23
2018-03,165,S1,L1,R2,6,17,2057,1243766.1
2018-03,166,S1,L1,R2,6,17,1650,1119122.25
2018-03,167,S1,L1,R2,6,17,1800,1076409.66
2018-03,168,S2,L3,R3,6,17,1352,933907.92
2018-03,169,S1,L2,R4,6,17,2139,1512400.38
2018-03,170,S1,L1,R2,6,17,1818,1315449.6300000001
2018-03,171,S4,L2,R3,6,17,2878,1734199.65
2018-03,172,S1,L1,R1,6,17,2131,1247673.09
2018-03,173,S4,L2,R1,6,17,3496,2136697.14
2018-03,174,S1,L1,R4,6,17,1662,1122329.64
2018-03,175,S4,L2,R1,6,17,5454,2919202.8
2018-03,176,S4,L2,R3,6,17,3414,2172153.96
2018-03,177,S2,L1,R4,6,17,1481,1051416.78
2018-03,178,S3,L2,R3,6,17,2224,1448911.53
2018-03,179,S1,L1,R2,6,17,2122,1367463.57
2018-03,180,S1,L3,R2,6,17,1358,885001.44
2018-03,181,S3,L1,R3,6,17,2229,1221726.87
2018-03,182,S3,L1,R1,6,17,1934,1062815.7
2018-03,183,S1,L3,R1,6,17,2071,1140148.68
2018-03,184,S1,L2,R2,6,17,1959,1455060.15
2018-03,185,S1,L1,R3,6,17,1867,1258531.83
2018-03,186,S2,L5,R2,6,17,1022,696532.05
2018-03,187,S1,L1,R1,6,17,1632,1046037.57
2018-03,188,S3,L2,R1,6,17,2349,1762494.75
2018-03,189,S2,L3,R3,6,17,1272,893290.8
2018-03,190,S3,L3,R1,6,17,2365,1239410.97
2018-03,191,S3,L1,R1,6,17,2307,1277045.97
2018-03,192,S1,L1,R3,6,17,2020,1304082.48
2018-03,193,S2,L3,R4,6,17,1270,882731.64
2018-03,194,S1,L1,R2,6,17,1983,1237185.72
2018-03,195,S4,L1,R1,6,17,3272,1718162.91
2018-03,196,S1,L1,R3,6,17,1678,1232639.25
2018-03,197,S2,L5,R1,6,17,1203,700916.01
2018-03,198,S4,L2,R3,6,17,2810,1724488.71
2018-03,199,S1,L1,R4,6,17,1546,1052830.86
2018-03,200,S2,L1,R2,6,17,1336,1073342.88
2018-03,201,S4,L1,R1,6,17,2979,1520596.29
2018-03,202,S4,L2,R2,6,17,2683,1644433.92
2018-03,203,S2,L4,R2,6,17,1347,842965.35
2018-03,204,S4,L1,R3,6,17,2731,1533412.53
2018-03,205,S1,L1,R2,6,17,2023,1252307.19
2018-03,206,S1,L1,R1,6,17,1760,1141249.53
2018-03,207,S1,L1,R3,6,17,1791,1276709.34
2018-03,208,S3,L1,R1,6,17,2309,1302890.85
2018-03,209,S1,L1,R1,6,17,1649,1052232.09
2018-03,210,S1,L5,R1,6,17,1560,832861.95
2018-03,211,S4,L2,R1,6,17,3079,1675514.04
2018-03,212,S4,L2,R3,6,17,3135,1836883.65
2018-03,213,S1,L1,R2,6,17,2043,1237369.65
2018-03,214,S1,L1,R4,6,17,1604,1072316.85
2018-03,215,S3,L2,R1,6,17,2414,1628925.36
2018-03,216,S2,L5,R1,6,17,1280,728003.79
2018-03,217,S4,L1,R1,6,17,2903,1599429.6
2018-03,218,S1,L3,R2,6,17,1635,976362.21
2018-03,219,S4,L2,R1,6,17,3999,2019268.71
2018-03,220,S2,L4,R3,6,17,1330,889008.21
2018-03,221,S1,L1,R2,6,17,2102,1302283.2
2018-03,222,S4,L2,R2,6,17,3233,1805391.03
2018-03,223,S2,L5,R2,6,17,1325,785125.05
2018-03,224,S1,L2,R2,6,17,1875,1281415.95
2018-03,225,S1,L1,R1,6,17,1801,1139471.37
2018-03,226,S2,L5,R4,6,17,1049,639830.64
2018-03,227,S4,L2,R1,6,17,2548,1594719.84
2018-03,228,S1,L1,R1,6,17,1689,1084707.9
2018-03,229,S1,L1,R2,6,17,2056,1215659.16
2018-03,230,S2,L4,R4,6,17,1126,785869.68
2018-03,231,S4,L2,R3,6,17,3171,1790525.64
2018-03,232,S1,L1,R4,6,17,1667,1078309.65
2018-03,233,S1,L3,R3,6,17,1699,1063375.2
2018-03,234,S2,L4,R2,6,17,1259,874487.82
2018-03,235,S1,L1,R3,6,17,1662,1202109.21
2018-03,236,S1,L1,R3,6,17,1764,1126976.73
2018-03,237,S2,L3,R3,6,17,1184,876563.67
2018-03,238,S1,L1,R2,6,17,1451,1019045.07
2018-03,239,S3,L1,R3,6,17,2194,1335215.82
2018-03,240,S3,L2,R3,6,17,2385,1474152.27
2018-03,241,S1,L1,R4,6,17,2039,1420695.33
2018-03,242,S4,L1,R1,6,17,2897,1506047.76
2018-03,243,S4,L2,R2,6,17,2786,1934523.84
2018-03,244,S2,L5,R4,6,17,1236,730573.17
2018-03,245,S4,L1,R2,6,17,2656,1545979.14
2018-03,246,S3,L1,R3,6,17,2063,1292958.87
2018-03,247,S1,L1,R3,6,17,1777,1195143.78
2018-03,248,S1,L1,R2,6,17,1608,1075502.46
2018-03,249,S1,L3,R2,6,17,1852,1023843.36
2018-03,250,S2,L3,R4,6,17,1360,950903.49
2018-03,251,S2,L3,R1,6,17,1487,983528.67
2018-03,252,S3,L2,R1,6,17,2451,1607900.07
2018-03,253,S4,L2,R1,6,17,2606,1458382.02
2018-03,254,S4,L1,R1,6,17,2521,1507275.93
2018-03,255,S3,L2,R4,6,17,2330,1581926.67
2018-03,256,S1,L2,R4,6,17,1977,1462608.03
2018-03,257,S1,L3,R1,6,17,1748,1017816.78
2018-03,258,S2,L4,R4,6,17,1249,839547.27
2018-03,259,S4,L1,R1,6,17,2462,1297349.1
2018-03,260,S1,L1,R4,6,17,1651,1056658.44
2018-03,261,S4,L2,R1,6,17,2424,1425724.86
2018-03,262,S1,L1,R1,6,17,2035,1368862.23
2018-03,263,S1,L5,R1,6,17,1586,799673.73
2018-03,264,S3,L1,R3,6,17,2147,1365061.35
2018-03,265,S2,L4,R2,6,17,1571,989193.27
2018-03,266,S1,L1,R4,6,17,1664,1057319.43
2018-03,267,S4,L2,R1,6,17,1930,1202468.55
2018-03,268,S1,L2,R1,6,17,1924,1299169.95
2018-03,269,S1,L4,R1,6,17,1857,1050465.0
2018-03,270,S1,L1,R2,6,17,1574,1007748.48
2018-03,271,S1,L3,R2,6,17,2161,1214955.78
2018-03,272,S2,L4,R2,6,17,1452,865661.34
2018-03,273,S2,L3,R4,6,17,1148,835451.13
2018-03,274,S4,L2,R4,6,17,2787,1769495.73
2018-03,275,S4,L1,R1,6,17,2521,1432636.23
2018-03,276,S1,L1,R2,6,17,2069,1266124.56
2018-03,277,S1,L3,R1,6,17,1874,1009999.17
2018-03,278,S4,L1,R4,6,17,3084,1739625.39
2018-03,279,S2,L3,R2,6,17,1398,926860.53
2018-03,280,S4,L2,R2,6,17,3234,1738279.26
2018-03,281,S1,L4,R1,6,17,1981,1046945.22
2018-03,282,S1,L2,R2,6,17,2069,1591643.37
2018-03,283,S4,L1,R1,6,17,2615,1350916.98
2018-03,284,S4,L2,R3,6,17,2502,1513683.81
2018-03,285,S1,L3,R3,6,17,1513,971100.66
2018-03,286,S4,L2,R4,6,15,3320,1965724.29
2018-03,287,S1,L4,R1,6,17,2025,1050474.9
2018-03,288,S3,L2,R3,6,17,2526,1623203.85
2018-03,289,S2,L5,R2,6,17,1129,681667.29
2018-03,290,S1,L1,R3,6,17,1838,1172894.13
2018-03,291,S1,L3,R1,6,17,1952,1050227.79
2018-03,292,S1,L1,R1,6,17,1583,1070926.5
2018-03,293,S2,L4,R2,6,17,1155,768143.58
2018-03,294,S4,L2,R2,6,17,3338,1868874.84
2018-03,295,S1,L1,R1,6,17,1653,1158661.08
2018-03,296,S1,L1,R1,6,17,1951,1200127.71
2018-03,297,S2,L3,R4,6,17,1383,875177.1
2018-03,298,S4,L1,R1,6,17,3929,1864297.41
2018-03,299,S1,L1,R3,6,17,1840,1312987.98
2018-03,300,S2,L5,R2,6,12,1196,661805.91
2018-03,301,S1,L3,R2,6,17,1790,1066153.5
2018-03,302,S1,L4,R2,6,17,1706,936011.79
2018-03,303,S4,L2,R1,6,17,3463,1823614.56
2018-03,304,S1,L1,R4,6,17,1584,973874.64
2018-03,305,S4,L1,R1,6,17,2826,1540941.21
2018-03,306,S1,L3,R2,6,17,1591,1001819.85
2018-03,307,S1,L5,R2,6,17,1409,758613.57
2018-03,308,S4,L2,R3,6,17,2756,1631055.15
2018-03,309,S1,L5,R1,6,17,2121,1030331.19
2018-03,310,S2,L5,R1,6,17,1186,667140.21
2018-03,311,S4,L2,R2,6,15,3134,1929264.18
2018-03,312,S4,L2,R1,6,17,5195,2772914.4
2018-03,313,S1,L3,R1,6,17,1616,954128.22
2018-03,314,S1,L1,R2,6,17,2050,1246320.18
2018-03,315,S4,L2,R1,6,17,3673,1959089.43
2018-03,316,S4,L2,R1,6,17,2521,1599330.03
2018-03,317,S3,L1,R1,6,17,2118,1147219.65
2018-03,318,S1,L3,R2,6,17,1840,1080985.89
2018-03,319,S3,L1,R2,6,17,2272,1408111.23
2018-03,320,S2,L3,R2,6,17,1530,969023.79
2018-03,321,S3,L1,R2,6,17,2229,1345432.38
2018-03,322,S2,L3,R4,6,17,1300,897173.28
2018-03,323,S1,L4,R1,6,17,1698,963783.21
2018-03,324,S1,L2,R3,6,17,1949,1418580.42
2018-03,325,S3,L1,R2,6,17,2150,1382031.09
2018-03,326,S3,L1,R1,6,17,2418,1461697.26
2018-03,327,S4,L1,R3,6,17,2753,1480720.26
2018-03,328,S1,L3,R1,6,17,1396,888769.86
2018-03,329,S4,L2,R3,6,17,2596,1681136.58
2018-03,330,S4,L2,R1,6,17,2773,1571364.96
2018-03,331,S1,L1,R4,6,17,1665,1115991.15
2018-03,332,S2,L5,R1,6,17,1330,781539.87
2018-03,333,S1,L1,R3,6,17,1605,1105275.84
2018-03,334,S3,L2,R2,6,17,2342,1580120.85
2018-03,335,S1,L1,R3,6,17,1829,1102864.08
2018-03,336,S4,L2,R1,6,17,3850,2130890.25
2018-03,337,S4,L2,R1,6,17,5177,2845823.04
2018-03,338,S4,L2,R1,6,17,2741,1652480.1
2018-03,339,S4,L2,R1,6,17,3286,1803624.96
2018-03,340,S4,L2,R3,6,17,2749,1695630.72
2018-03,341,S1,L1,R2,6,17,2056,1227454.17
2018-03,342,S4,L1,R1,6,17,2684,1425799.89
2018-03,343,S1,L1,R2,6,17,1799,1260940.59
2018-03,344,S1,L5,R1,6,17,2015,995570.49
2018-03,345,S1,L1,R3,6,17,1709,1245902.46
2018-03,346,S4,L1,R1,6,17,3319,1792976.1
2018-03,347,S1,L1,R1,6,17,1867,1191457.83
2018-03,348,S3,L1,R1,6,17,2259,1259463.36
2018-03,349,S1,L1,R4,6,17,2156,1374869.4
2018-03,350,S1,L3,R2,6,17,1645,987620.22
2018-03,351,S1,L4,R3,6,17,1625,951209.55
2018-03,352,S4,L1,R1,6,17,2281,1303624.68
2018-03,353,S1,L3,R3,6,17,1633,1030227.09
2018-03,354,S4,L2,R1,6,17,3690,2312929.2
2018-03,355,S2,L4,R2,6,17,1225,856628.85
2018-03,356,S3,L3,R1,6,17,2137,1108662.3
2018-03,357,S4,L1,R1,6,12,2719,1452517.59
2018-03,358,S3,L1,R1,6,17,2160,1311715.65
2018-03,359,S2,L3,R2,6,17,1444,1021516.53
2018-03,360,S2,L1,R1,6,17,1358,942349.71
2018-03,361,S1,L3,R1,6,17,1886,1109165.13
2018-03,362,S1,L3,R3,6,17,1652,952743.63
2018-03,363,S1,L1,R2,6,17,2164,1294809.93
2018-03,364,S2,L3,R2,6,17,1421,911234.19
2018-03,365,S2,L1,R2,6,17,1320,874132.02
2018-04,1,S1,L3,R1,4,11,1777,1013459.13
2018-04,2,S3,L1,R3,4,10,2213,1288126.32
2018-04,3,S4,L2,R1,4,11,3368,1766925.93
2018-04,4,S1,L1,R2,4,10,1948,1112675.97
2018-04,5,S1,L1,R3,4,11,2096,1289724.6
2018-04,6,S4,L1,R1,4,11,2315,1283220.18
2018-04,7,S3,L1,R3,4,11,2260,1344340.53
2018-04,8,S4,L2,R2,4,10,2706,1606169.97
2018-04,9,S1,L1,R1,4,10,1621,1018220.7
2018-04,10,S4,L2,R3,4,10,2702,1759751.7
2018-04,11,S4,L2,R1,4,10,3308,1892565.18
2018-04,12,S1,L3,R2,4,11,1543,892699.08
2018-04,13,S3,L3,R1,4,10,2021,1031128.92
2018-04,14,S3,L2,R4,4,10,2351,1671669.87
2018-04,15,S4,L2,R1,4,10,3364,1935638.22
2018-04,16,S1,L3,R1,4,10,1880,1016618.85
2018-04,17,S1,L1,R2,4,10,2035,1122971.82
2018-04,18,S4,L1,R1,4,11,3020,1654352.7
2018-04,19,S1,L1,R3,4,10,1560,1134745.38
2018-04,20,S1,L1,R1,4,10,1348,1021123.02
2018-04,21,S3,L2,R4,4,12,2235,1432858.32
2018-04,22,S1,L1,R4,4,10,1752,1290130.23
2018-04,23,S1,L1,R4,4,10,1683,1166731.71
2018-04,24,S1,L1,R2,4,11,1693,1031009.01
2018-04,25,S1,L3,R1,4,10,1830,1024538.34
2018-04,26,S1,L1,R3,4,11,2082,1338877.14
2018-04,27,S1,L3,R3,4,11,1389,927027.96
2018-04,28,S3,L2,R3,4,10,2275,1524324.69
2018-04,29,S1,L4,R2,4,10,1411,828562.11
2018-04,30,S1,L2,R2,4,10,2059,1382606.13
2018-04,31,S1,L5,R2,4,11,1553,834814.95
2018-04,32,S1,L1,R2,4,10,1776,1240997.52
2018-04,33,S4,L2,R4,4,10,2632,1645437.06
2018-04,34,S1,L3,R1,4,10,1863,1015148.1
2018-04,35,S1,L1,R2,4,10,1948,1172534.19
2018-04,36,S1,L3,R4,4,11,1664,1004516.28
2018-04,37,S1,L3,R3,4,10,1457,961718.1
2018-04,38,S1,L3,R2,4,10,1482,976516.65
2018-04,39,S4,L1,R1,4,10,3141,1596048.66
2018-04,40,S1,L1,R4,4,10,1786,1316857.47
2018-04,41,S1,L1,R2,4,10,1978,1270951.62
2018-04,42,S1,L4,R3,4,11,1446,845262.93
2018-04,43,S1,L1,R2,4,10,1555,966736.62
2018-04,44,S1,L3,R2,4,10,2093,1130856.66
2018-04,45,S3,L1,R1,4,11,2154,1231441.32
2018-04,46,S2,L1,R2,4,10,1258,886307.79
2018-04,47,S4,L2,R2,4,10,3083,1761834.66
2018-04,48,S1,L1,R2,4,10,1598,1112930.82
2018-04,49,S4,L1,R2,4,10,3096,1657579.68
2018-04,50,S3,L2,R4,4,10,2303,1491855.42
2018-04,51,S1,L1,R2,4,10,1461,958895.52
2018-04,52,S1,L1,R3,4,10,1772,1112575.14
2018-04,53,S3,L1,R2,4,11,2078,1262162.22
2018-04,54,S1,L2,R3,4,10,1729,1256326.41
2018-04,55,S1,L1,R2,4,10,2016,1226612.7
2018-04,56,S2,L5,R3,4,10,1240,738728.25
2018-04,57,S4,L1,R1,4,10,2423,1253757.72
2018-04,58,S1,L1,R1,4,10,1702,1060700.07
2018-04,59,S1,L3,R1,4,10,1675,981080.52
2018-04,60,S1,L5,R2,4,11,1550,853980.24
2018-04,61,S1,L1,R3,4,10,1994,1184837.52
2018-04,62,S2,L5,R1,4,10,1197,743018.13
2018-04,63,S1,L1,R2,4,10,2146,1385750.22
2018-04,64,S3,L1,R2,4,10,2201,1317183.42
2018-04,65,S1,L2,R2,4,10,2738,2040460.11
2018-04,66,S3,L3,R3,4,11,2169,1166341.62
2018-04,67,S2,L5,R1,4,11,967,549977.67
2018-04,68,S1,L2,R4,4,10,1998,1396291.26
2018-04,69,S1,L1,R4,4,10,1607,1024556.25
2018-04,70,S1,L1,R3,4,11,1571,957953.28
2018-04,71,S2,L5,R1,4,10,947,571626.21
2018-04,72,S1,L2,R3,4,10,2087,1428657.0
2018-04,73,S3,L2,R4,4,10,2203,1558757.94
2018-04,74,S3,L1,R2,4,11,2300,1392833.37
2018-04,75,S3,L2,R3,4,10,2298,1546519.5
2018-04,76,S2,L3,R3,4,10,1241,839892.66
2018-04,77,S2,L5,R3,4,11,953,629341.86
2018-04,78,S1,L1,R4,4,10,1444,938121.0
2018-04,79,S2,L5,R4,4,10,1105,706501.83
2018-04,80,S1,L1,R1,4,10,1673,1016537.76
2018-04,81,S3,L2,R1,4,10,2101,1465731.96
2018-04,82,S4,L2,R1,4,11,3293,1768998.66
2018-04,83,S2,L5,R1,4,10,815,546181.02
2018-04,84,S1,L1,R3,4,10,1988,1193894.52
2018-04,85,S4,L2,R1,4,10,3421,1860466.92
2018-04,86,S1,L1,R4,4,10,1524,1005906.93
2018-04,87,S4,L2,R3,4,10,2883,2030356.71
2018-04,88,S2,L5,R2,4,10,1251,803182.08
2018-04,89,S1,L4,R1,4,11,1513,845052.87
2018-04,90,S1,L1,R3,4,10,1893,1147146.09
2018-04,91,S3,L1,R1,4,10,2151,1302051.96
2018-04,92,S1,L4,R2,4,11,1498,810545.91
2018-04,93,S1,L1,R4,4,10,1576,1066699.14
2018-04,94,S4,L2,R2,4,10,2530,1546699.53
2018-04,95,S3,L1,R1,4,10,2097,1146958.05
2018-04,96,S3,L1,R3,4,10,2311,1354867.08
2018-04,97,S4,L1,R1,4,10,3004,1633375.41
2018-04,98,S2,L5,R2,4,10,1026,695747.31
2018-04,99,S1,L1,R3,4,10,1996,1167699.24
2018-04,100,S1,L1,R2,4,10,1786,1139389.53
2018-04,101,S1,L4,R3,4,10,1426,850653.51
2018-04,102,S4,L2,R1,4,10,2678,1606656.9
2018-04,103,S1,L3,R3,4,10,1710,987658.98
2018-04,104,S1,L1,R2,4,10,1804,1054918.59
2018-04,105,S4,L2,R1,4,11,2545,1518716.94
2018-04,106,S1,L1,R4,4,11,1830,1143970.32
2018-04,107,S1,L3,R3,4,11,1664,978404.73
2018-04,108,S1,L1,R4,4,10,1972,1321618.05
2018-04,109,S1,L1,R1,4,10,1985,1193712.51
2018-04,110,S2,L3,R3,4,10,1382,933431.46
2018-04,111,S1,L1,R2,4,10,1933,1243262.22
2018-04,112,S1,L1,R3,4,10,1688,1009804.95
2018-04,113,S2,L3,R3,4,10,1222,880747.77
2018-04,114,S3,L1,R4,4,10,2223,1392627.03
2018-04,115,S4,L2,R1,4,11,3632,1935846.33
2018-04,116,S2,L3,R3,4,10,1300,886461.66
2018-04,117,S1,L1,R3,4,10,1583,1051179.69
2018-04,118,S2,L1,R4,4,10,1437,1033827.06
2018-04,119,S1,L1,R3,4,11,1942,1171206.33
2018-04,120,S3,L2,R2,4,10,2193,1589175.09
2018-04,121,S1,L1,R4,4,10,1960,1303221.27
2018-04,122,S1,L1,R2,4,10,1652,1143306.78
2018-04,123,S4,L2,R3,4,10,2356,1565681.37
2018-04,124,S3,L2,R3,4,11,2308,1570985.94
2018-04,125,S4,L2,R1,4,11,3162,1750720.77
2018-04,126,S4,L2,R2,4,10,3983,2491593.9
2018-04,127,S4,L2,R2,4,11,2953,1739868.84
2018-04,128,S1,L2,R2,4,10,1839,1236619.26
2018-04,129,S3,L1,R1,4,10,2049,1138795.65
2018-04,130,S1,L1,R3,4,10,1792,1102487.01
2018-04,131,S4,L2,R1,4,11,3815,2015735.52
2018-04,132,S1,L1,R3,4,11,2080,1353437.73
2018-04,133,S1,L1,R4,4,11,1872,1116348.39
2018-04,134,S1,L4,R1,4,10,1521,879948.39
2018-04,135,S1,L1,R4,4,10,1658,1167450.69
2018-04,136,S2,L5,R4,4,10,970,663966.24
2018-04,137,S4,L1,R1,4,10,2483,1365647.1
2018-04,138,S1,L1,R1,4,10,1707,1023659.64
2018-04,139,S4,L2,R2,4,11,3149,1890891.6
2018-04,140,S4,L1,R1,4,10,2361,1409544.15
2018-04,141,S1,L1,R2,4,10,1571,1040120.82
2018-04,142,S2,L1,R3,4,10,1312,898419.54
2018-04,143,S3,L2,R3,4,10,2327,1683391.74
2018-04,144,S1,L3,R3,4,10,1871,1068787.2
2018-04,145,S1,L3,R1,4,10,1831,1002632.25
2018-04,146,S4,L2,R1,4,10,4431,2353096.44
2018-04,147,S4,L2,R4,4,10,3145,1744681.98
2018-04,148,S1,L1,R2,4,10,1456,976470.0
2018-04,149,S2,L3,R2,4,11,1285,816128.19
2018-04,150,S4,L2,R1,4,11,3425,1893526.77
2018-04,151,S1,L3,R2,4,10,1480,902853.0
2018-04,152,S2,L1,R1,4,10,1370,994578.69
2018-04,153,S4,L2,R1,4,11,3967,2245205.1
2018-04,154,S1,L3,R2,4,11,1987,1074973.98
2018-04,155,S3,L1,R2,4,11,2155,1345509.72
2018-04,156,S1,L1,R3,4,11,1892,1236862.11
2018-04,157,S4,L2,R1,4,10,3356,1833571.53
2018-04,158,S4,L2,R2,4,10,3551,1820681.49
2018-04,159,S2,L1,R3,4,10,1344,994846.17
2018-04,160,S4,L2,R1,4,10,4446,2309977.26
2018-04,161,S1,L1,R3,4,11,1490,1120890.3
2018-04,162,S4,L1,R2,4,10,2468,1412736.36
2018-04,163,S1,L2,R3,4,10,2079,1452656.31
2018-04,164,S1,L1,R3,4,10,1513,1006416.75
2018-04,165,S1,L1,R2,4,10,1954,1169055.27
2018-04,166,S1,L1,R2,4,10,1590,1050578.94
2018-04,167,S1,L1,R2,4,11,1770,1067572.08
2018-04,168,S2,L3,R3,4,10,1302,872141.79
2018-04,169,S1,L2,R4,4,10,2030,1431859.5
2018-04,170,S1,L1,R2,4,10,1695,1207562.22
2018-04,171,S4,L2,R3,4,10,2666,1579673.88
2018-04,172,S1,L1,R1,4,10,2027,1180876.17
2018-04,173,S4,L2,R1,4,10,3486,2128266.03
2018-04,174,S1,L1,R4,4,10,1639,1097582.1
2018-04,175,S4,L2,R1,4,11,5233,2823949.56
2018-04,176,S4,L2,R3,4,10,3117,1924317.6
2018-04,177,S2,L1,R4,4,10,1402,993689.19
2018-04,178,S3,L2,R3,4,10,2021,1296750.72
2018-04,179,S1,L1,R2,4,10,2061,1310275.17
2018-04,180,S1,L3,R2,4,10,1314,840719.4
2018-04,181,S3,L1,R3,4,11,2221,1221206.04
2018-04,182,S3,L1,R1,4,10,1955,1064086.5
2018-04,183,S1,L3,R1,4,10,2005,1076327.34
2018-04,184,S1,L2,R2,4,10,1854,1363324.44
2018-04,185,S1,L1,R3,4,10,1736,1171251.15
2018-04,186,S2,L5,R2,4,10,970,649149.8099999999
2018-04,187,S1,L1,R1,4,10,1522,974351.55
2018-04,188,S3,L2,R1,4,10,2222,1657652.85
2018-04,189,S2,L3,R3,4,10,1264,894972.36
2018-04,190,S3,L3,R1,4,10,2289,1186594.38
2018-04,191,S3,L1,R1,4,10,2220,1224931.56
2018-04,192,S1,L1,R3,4,11,1977,1291481.76
2018-04,193,S2,L3,R4,4,10,1224,846868.08
2018-04,194,S1,L1,R2,4,10,1945,1197379.68
2018-04,195,S4,L1,R1,4,10,3192,1693492.74
2018-04,196,S1,L1,R3,4,10,1596,1166651.16
2018-04,197,S2,L5,R1,4,11,1205,715424.7
2018-04,198,S4,L2,R3,4,11,2904,1807053.18
2018-04,199,S1,L1,R4,4,10,1478,994341.66
2018-04,200,S2,L1,R2,4,10,1304,1042575.45
2018-04,201,S4,L1,R1,4,11,3135,1593866.49
2018-04,202,S4,L2,R2,4,10,2535,1552433.43
2018-04,203,S2,L4,R2,4,10,1289,785826.9
2018-04,204,S4,L1,R3,4,10,2593,1455910.08
2018-04,205,S1,L1,R2,4,10,1929,1174085.7
2018-04,206,S1,L1,R1,4,10,1662,1057048.05
2018-04,207,S1,L1,R3,4,10,1725,1220850.27
2018-04,208,S3,L1,R1,4,10,2175,1198869.84
2018-04,209,S1,L1,R1,4,10,1547,976684.56
2018-04,210,S1,L5,R1,4,10,1502,815824.38
2018-04,211,S4,L2,R1,4,11,3118,1689398.52
2018-04,212,S4,L2,R3,4,11,3332,2111986.2
2018-04,213,S1,L1,R2,4,10,1995,1213221.12
2018-04,214,S1,L1,R4,4,10,1516,1010549.31
2018-04,215,S3,L2,R1,4,10,2228,1479121.56
2018-04,216,S2,L5,R1,4,10,1231,695839.38
2018-04,217,S4,L1,R1,4,10,2574,1405281.39
2018-04,218,S1,L3,R2,4,10,1579,937506.36
2018-04,219,S4,L2,R1,4,10,3782,1902133.5
2018-04,220,S2,L4,R3,4,10,1205,795779.94
2018-04,221,S1,L1,R2,4,10,1993,1250517.9
2018-04,222,S4,L2,R2,4,13,3526,2120147.19
2018-04,223,S2,L5,R2,4,10,1278,754903.2
2018-04,224,S1,L2,R2,4,10,1697,1149745.2
2018-04,225,S1,L1,R1,4,10,1605,1003744.89
2018-04,226,S2,L5,R4,4,11,1077,653033.4
2018-04,227,S4,L2,R1,4,10,2424,1543508.4
2018-04,228,S1,L1,R1,4,10,1565,995831.88
2018-04,229,S1,L1,R2,4,10,1922,1127623.11
2018-04,230,S2,L4,R4,4,10,1057,714585.48
2018-04,231,S4,L2,R3,4,10,2964,1651326.36
2018-04,232,S1,L1,R4,4,10,1549,1001027.01
2018-04,233,S1,L3,R3,4,11,1703,1061877.66
2018-04,234,S2,L4,R2,4,10,1189,806292.21
2018-04,235,S1,L1,R3,4,10,1608,1164230.28
2018-04,236,S1,L1,R3,4,10,1751,1102128.87
2018-04,237,S2,L3,R3,4,10,1178,870915.15
2018-04,238,S1,L1,R2,4,10,1400,972057.48
2018-04,239,S3,L1,R3,4,11,2144,1317429.3
2018-04,240,S3,L2,R3,4,11,2341,1464954.27
2018-04,241,S1,L1,R4,4,10,1896,1314787.11
2018-04,242,S4,L1,R1,4,10,2726,1395083.61
2018-04,243,S4,L2,R2,4,10,2490,1694361.69
2018-04,244,S2,L5,R4,4,11,1270,748130.7
2018-04,245,S4,L1,R2,4,10,2559,1495930.8
2018-04,246,S3,L1,R3,4,11,2104,1334969.34
2018-04,247,S1,L1,R3,4,10,1768,1196489.64
2018-04,248,S1,L1,R2,4,10,1495,993739.65
2018-04,249,S1,L3,R2,4,10,1787,971150.34
2018-04,250,S2,L3,R4,4,10,1274,876031.86
2018-04,251,S2,L3,R1,4,10,1354,885690.6
2018-04,252,S3,L2,R1,4,10,2372,1538422.74
2018-04,253,S4,L2,R1,4,11,2683,1524851.31
2018-04,254,S4,L1,R1,4,10,2368,1385021.07
2018-04,255,S3,L2,R4,4,10,2208,1503722.67
2018-04,256,S1,L2,R4,4,10,1847,1369164.42
2018-04,257,S1,L3,R1,4,10,1676,962050.86
2018-04,258,S2,L4,R4,4,10,1201,797713.59
2018-04,259,S4,L1,R1,4,10,2434,1294173.57
2018-04,260,S1,L1,R4,4,10,1607,1025983.74
2018-04,261,S4,L2,R1,4,10,2308,1334901.3
2018-04,262,S1,L1,R1,4,10,1910,1271776.3800000001
2018-04,263,S1,L5,R1,4,11,1566,797303.4299999999
2018-04,264,S3,L1,R3,4,10,2000,1241114.58
2018-04,265,S2,L4,R2,4,10,1476,926419.35
2018-04,266,S1,L1,R4,4,10,1603,1004464.86
2018-04,267,S4,L2,R1,4,10,1915,1180239.21
2018-04,268,S1,L2,R1,4,11,1888,1283286.66
2018-04,269,S1,L4,R1,4,10,1824,1041251.91
2018-04,270,S1,L1,R2,4,10,1543,986023.68
2018-04,271,S1,L3,R2,4,10,2029,1124115.09
2018-04,272,S2,L4,R2,4,10,1341,788529.96
2018-04,273,S2,L3,R4,4,10,1050,769723.2
2018-04,274,S4,L2,R4,4,10,2586,1636706.76
2018-04,275,S4,L1,R1,4,10,2445,1380989.46
2018-04,276,S1,L1,R2,4,10,1983,1189544.97
2018-04,277,S1,L3,R1,4,10,1749,953866.98
2018-04,278,S4,L1,R4,4,10,3006,1661506.02
2018-04,279,S2,L3,R2,4,10,1330,881786.28
2018-04,280,S4,L2,R2,4,11,3254,1774742.16
2018-04,281,S1,L4,R1,4,10,1789,933485.0700000001
2018-04,282,S1,L2,R2,4,10,2026,1543135.08
2018-04,283,S4,L1,R1,4,11,2722,1398659.67
2018-04,284,S4,L2,R3,4,10,2343,1424873.49
2018-04,285,S1,L3,R3,4,10,1367,862057.8
2018-04,286,S4,L2,R4,4,11,2866,1627191.09
2018-04,287,S1,L4,R1,4,10,1874,961281.39
2018-04,288,S3,L2,R3,4,11,2461,1568514.3
2018-04,289,S2,L5,R2,4,10,1107,652981.41
2018-04,290,S1,L1,R3,4,10,1754,1117743.42
2018-04,291,S1,L3,R1,4,10,1979,1067253.72
2018-04,292,S1,L1,R1,4,10,1581,1067957.4
2018-04,293,S2,L4,R2,4,10,1083,707738.7
2018-04,294,S4,L2,R2,4,11,3476,1976350.53
2018-04,295,S1,L1,R1,4,10,1608,1135504.17
2018-04,296,S1,L1,R1,4,10,1829,1131360.78
2018-04,297,S2,L3,R4,4,10,1325,826995.48
2018-04,298,S4,L1,R1,4,10,3929,1857303.66
2018-04,299,S1,L1,R3,4,10,1755,1255391.07
2018-04,300,S2,L5,R2,4,11,1266,704121.0
2018-04,301,S1,L3,R2,4,10,1733,1027225.86
2018-04,302,S1,L4,R2,4,10,1647,882703.8
2018-04,303,S4,L2,R1,4,10,3292,1734126.24
2018-04,304,S1,L1,R4,4,11,1603,981106.74
2018-04,305,S4,L1,R1,4,10,2651,1438127.67
2018-04,306,S1,L3,R2,4,10,1524,955192.32
2018-04,307,S1,L5,R2,4,10,1343,709586.04
2018-04,308,S4,L2,R3,4,10,2641,1563465.18
2018-04,309,S1,L5,R1,4,10,1943,951662.37
2018-04,310,S2,L5,R1,4,10,1153,639044.61
2018-04,311,S4,L2,R2,4,13,2917,1632371.88
2018-04,312,S4,L2,R1,4,10,5071,2699972.37
2018-04,313,S1,L3,R1,4,10,1498,874642.89
2018-04,314,S1,L1,R2,4,11,1997,1219702.23
2018-04,315,S4,L2,R1,4,10,3487,1854670.77
2018-04,316,S4,L2,R1,4,10,2531,1611577.41
2018-04,317,S3,L1,R1,4,10,1998,1063018.62
2018-04,318,S1,L3,R2,4,10,1780,1040303.52
2018-04,319,S3,L1,R2,4,11,2316,1461382.11
2018-04,320,S2,L3,R2,4,10,1425,893455.02
2018-04,321,S3,L1,R2,4,11,2322,1399414.14
2018-04,322,S2,L3,R4,4,10,1284,865543.5
2018-04,323,S1,L4,R1,4,10,1620,905613.9
2018-04,324,S1,L2,R3,4,11,1977,1452477.0
2018-04,325,S3,L1,R2,4,10,2080,1334356.77
2018-04,326,S3,L1,R1,4,10,2309,1375865.97
2018-04,327,S4,L1,R3,4,11,2825,1495892.7
2018-04,328,S1,L3,R1,4,10,1379,878729.07
2018-04,329,S4,L2,R3,4,11,2568,1654214.07
2018-04,330,S4,L2,R1,4,10,2603,1435806.72
2018-04,331,S1,L1,R4,4,10,1601,1062318.54
2018-04,332,S2,L5,R1,4,10,1268,736759.38
2018-04,333,S1,L1,R3,4,10,1524,1049867.7
2018-04,334,S3,L2,R2,4,10,2209,1480224.81
2018-04,335,S1,L1,R3,4,11,1876,1123313.4
2018-04,336,S4,L2,R1,4,10,3656,1989891.99
2018-04,337,S4,L2,R1,4,10,5006,2738554.23
2018-04,338,S4,L2,R1,4,11,2892,1759075.35
2018-04,339,S4,L2,R1,4,10,3187,1735110.96
2018-04,340,S4,L2,R3,4,10,2648,1622486.79
2018-04,341,S1,L1,R2,4,10,2031,1203827.94
2018-04,342,S4,L1,R1,4,10,2795,1488469.68
2018-04,343,S1,L1,R2,4,11,1795,1278724.89
2018-04,344,S1,L5,R1,4,10,1964,976764.63
2018-04,345,S1,L1,R3,4,10,1590,1177150.47
2018-04,346,S4,L1,R1,4,10,3226,1714919.04
2018-04,347,S1,L1,R1,4,10,1786,1121742.63
2018-04,348,S3,L1,R1,4,11,2244,1258254.3
2018-04,349,S1,L1,R4,4,10,2009,1265805.24
2018-04,350,S1,L3,R2,4,11,1733,1035045.36
2018-04,351,S1,L4,R3,4,10,1546,898337.25
2018-04,352,S4,L1,R1,4,10,2057,1157318.49
2018-04,353,S1,L3,R3,4,10,1529,965341.47
2018-04,354,S4,L2,R1,4,10,3634,2268934.92
2018-04,355,S2,L4,R2,4,10,1190,826029.81
2018-04,356,S3,L3,R1,4,11,2049,1077787.02
2018-04,357,S4,L1,R1,4,11,2825,1535184.48
2018-04,358,S3,L1,R1,4,10,2122,1289623.71
2018-04,359,S2,L3,R2,4,10,1363,961502.52
2018-04,360,S2,L1,R1,4,10,1304,904431.87
2018-04,361,S1,L3,R1,4,10,1770,1015933.68
2018-04,362,S1,L3,R3,4,11,1742,1017507.36
2018-04,363,S1,L1,R2,4,10,2024,1191758.34
2018-04,364,S2,L3,R2,4,10,1377,880733.4
2018-04,365,S2,L1,R2,4,10,1272,841948.98
2018-05,1,S1,L3,R1,1,15,1800,1139541.9
2018-05,2,S3,L1,R3,1,16,2328,1524228.24
2018-05,3,S4,L2,R1,1,15,3385,1971722.1
2018-05,4,S1,L1,R2,1,16,2007,1275894.42
2018-05,5,S1,L1,R3,1,15,2121,1452960.0
2018-05,6,S4,L1,R1,1,15,2412,1480356.0
2018-05,7,S3,L1,R3,1,15,2350,1542268.32
2018-05,8,S4,L2,R2,1,16,2618,1727261.85
2018-05,9,S1,L1,R1,1,16,1682,1192045.47
2018-05,10,S4,L2,R3,1,16,2769,2013327.39
2018-05,11,S4,L2,R1,1,16,3443,2220797.64
2018-05,12,S1,L3,R2,1,15,1703,1105443.0
2018-05,13,S3,L3,R1,1,16,2201,1271901.54
2018-05,14,S3,L2,R4,1,16,2450,1928502.0
2018-05,15,S4,L2,R1,1,16,3379,2184260.4
2018-05,16,S1,L3,R1,1,16,2043,1237112.1
2018-05,17,S1,L1,R2,1,16,2113,1308796.92
2018-05,18,S4,L1,R1,1,15,2997,1812952.44
2018-05,19,S1,L1,R3,1,16,1537,1242729.42
2018-05,20,S1,L1,R1,1,16,1386,1156531.8
2018-05,21,S3,L2,R4,1,15,2265,1585226.13
2018-05,22,S1,L1,R4,1,16,1762,1484290.92
2018-05,23,S1,L1,R4,1,16,1717,1345098.96
2018-05,24,S1,L1,R2,1,15,1772,1196685.18
2018-05,25,S1,L3,R1,1,16,1891,1183149.54
2018-05,26,S1,L1,R3,1,15,2076,1483680.93
2018-05,27,S1,L3,R3,1,15,1395,1018802.49
2018-05,28,S3,L2,R3,1,16,2384,1823893.56
2018-05,29,S1,L4,R2,1,16,1457,968839.62
2018-05,30,S1,L2,R2,1,16,2132,1576643.88
2018-05,31,S1,L5,R2,1,15,1552,932901.0
2018-05,32,S1,L1,R2,1,16,1777,1385785.98
2018-05,33,S4,L2,R4,1,16,2686,1889602.05
2018-05,34,S1,L3,R1,1,16,1883,1161383.4
2018-05,35,S1,L1,R2,1,16,1956,1300448.55
2018-05,36,S1,L3,R4,1,15,1716,1133947.08
2018-05,37,S1,L3,R3,1,16,1484,1087032.0
2018-05,38,S1,L3,R2,1,16,1592,1157007.42
2018-05,39,S4,L1,R1,1,16,3387,1950267.0
2018-05,40,S1,L1,R4,1,16,1802,1472648.46
2018-05,41,S1,L1,R2,1,16,2039,1452738.96
2018-05,42,S1,L4,R3,1,15,1506,974703.0
2018-05,43,S1,L1,R2,1,16,1647,1159818.6
2018-05,44,S1,L3,R2,1,16,2169,1320906.0
2018-05,45,S3,L1,R1,1,15,2301,1478787.09
2018-05,46,S2,L1,R2,1,16,1321,1034111.1
2018-05,47,S4,L2,R2,1,16,3064,1959847.68
2018-05,48,S1,L1,R2,1,16,1592,1232750.22
2018-05,49,S4,L1,R2,1,16,3184,1918188.72
2018-05,50,S3,L2,R4,1,16,2326,1677371.85
2018-05,51,S1,L1,R2,1,16,1464,1069161.12
2018-05,52,S1,L1,R3,1,16,1842,1309961.34
2018-05,53,S3,L1,R2,1,15,2140,1447326.36
2018-05,54,S1,L2,R3,1,16,1732,1411505.55
2018-05,55,S1,L1,R2,1,16,2065,1401348.0
2018-05,56,S2,L5,R3,1,16,1282,849368.64
2018-05,57,S4,L1,R1,1,16,2438,1413689.7
2018-05,58,S1,L1,R1,1,16,1835,1280723.7
2018-05,59,S1,L3,R1,1,16,1642,1083793.95
2018-05,60,S1,L5,R2,1,15,1440,903367.5
2018-05,61,S1,L1,R3,1,16,2024,1345237.2
2018-05,62,S2,L5,R1,1,16,1182,824055.0
2018-05,63,S1,L1,R2,1,16,2127,1530213.87
2018-05,64,S3,L1,R2,1,16,2114,1411690.62
2018-05,65,S1,L2,R2,1,16,2741,2287285.2
2018-05,66,S3,L3,R3,1,15,2269,1347406.38
2018-05,67,S2,L5,R1,1,15,1014,633800.76
2018-05,68,S1,L2,R4,1,16,2095,1643342.85
2018-05,69,S1,L1,R4,1,16,1610,1136238.96
2018-05,70,S1,L1,R3,1,12,1672,1141454.76
2018-05,71,S2,L5,R1,1,16,1061,728362.08
2018-05,72,S1,L2,R3,1,16,2102,1604555.88
2018-05,73,S3,L2,R4,1,16,2175,1734602.52
2018-05,74,S3,L1,R2,1,15,2376,1582311.45
2018-05,75,S3,L2,R3,1,16,2329,1726844.16
2018-05,76,S2,L3,R3,1,16,1305,997644.0
2018-05,77,S2,L5,R3,1,15,947,700426.23
2018-05,78,S1,L1,R4,1,16,1501,1105771.74
2018-05,79,S2,L5,R4,1,16,1113,814102.8
2018-05,80,S1,L1,R1,1,16,1744,1195893.09
2018-05,81,S3,L2,R1,1,16,2150,1655850.0
2018-05,82,S4,L2,R1,1,15,3328,1985798.19
2018-05,83,S2,L5,R1,1,16,845,633032.64
2018-05,84,S1,L1,R3,1,16,2061,1384030.65
2018-05,85,S4,L2,R1,1,16,3644,2254950.24
2018-05,86,S1,L1,R4,1,16,1534,1141574.01
2018-05,87,S4,L2,R3,1,16,2978,2338971.42
2018-05,88,S2,L5,R2,1,16,1236,883152.0
2018-05,89,S1,L4,R1,1,15,1595,980985.78
2018-05,90,S1,L1,R3,1,16,1968,1321594.95
2018-05,91,S3,L1,R1,1,16,2177,1479399.45
2018-05,92,S1,L4,R2,1,15,1559,952877.97
2018-05,93,S1,L1,R4,1,16,1583,1200541.8
2018-05,94,S4,L2,R2,1,16,2589,1780881.9
2018-05,95,S3,L1,R1,1,16,2030,1255349.7
2018-05,96,S3,L1,R3,1,16,2390,1578224.4
2018-05,97,S4,L1,R1,1,16,3005,1848018.72
2018-05,98,S2,L5,R2,1,16,1073,801030.24
2018-05,99,S1,L1,R3,1,16,2099,1383669.18
2018-05,100,S1,L1,R2,1,16,1865,1331975.16
2018-05,101,S1,L4,R3,1,16,1442,951472.32
2018-05,102,S4,L2,R1,1,16,2709,1829085.84
2018-05,103,S1,L3,R3,1,16,1789,1169215.32
2018-05,104,S1,L1,R2,1,16,1819,1186704.0
2018-05,105,S4,L2,R1,1,15,2612,1709688.0
2018-05,106,S1,L1,R4,1,15,1863,1279317.0
2018-05,107,S1,L3,R3,1,15,1705,1117953.72
2018-05,108,S1,L1,R4,1,16,1987,1491762.3
2018-05,109,S1,L1,R1,1,16,2098,1388148.0
2018-05,110,S2,L3,R3,1,16,1405,1063907.52
2018-05,111,S1,L1,R2,1,16,1994,1453367.25
2018-05,112,S1,L1,R3,1,16,1820,1237962.24
2018-05,113,S2,L3,R3,1,16,1238,1006932.24
2018-05,114,S3,L1,R4,1,16,2360,1678137.0
2018-05,115,S4,L2,R1,1,15,3555,2101393.59
2018-05,116,S2,L3,R3,1,16,1277,979729.92
2018-05,117,S1,L1,R3,1,16,1665,1247952.75
2018-05,118,S2,L1,R4,1,16,1432,1144350.0
2018-05,119,S1,L1,R3,1,15,2009,1336735.5
2018-05,120,S3,L2,R2,1,16,2316,1880583.0
2018-05,121,S1,L1,R4,1,16,1952,1468740.0
2018-05,122,S1,L1,R2,1,16,1700,1321635.72
2018-05,123,S4,L2,R3,1,16,2471,1838034.0
2018-05,124,S3,L2,R3,1,15,2398,1780595.82
2018-05,125,S4,L2,R1,1,15,3195,1952343.66
2018-05,126,S4,L2,R2,1,16,4201,2967306.33
2018-05,127,S4,L2,R2,1,15,3074,2010521.28
2018-05,128,S1,L2,R2,1,16,1839,1371348.0
2018-05,129,S3,L1,R1,1,16,2143,1338194.82
2018-05,130,S1,L1,R3,1,16,1825,1248964.32
2018-05,131,S4,L2,R1,1,15,3824,2261773.32
2018-05,132,S1,L1,R3,1,15,2087,1495243.32
2018-05,133,S1,L1,R4,1,15,1940,1283229.36
2018-05,134,S1,L4,R1,1,16,1506,996714.06
2018-05,135,S1,L1,R4,1,16,1694,1333410.0
2018-05,136,S2,L5,R4,1,16,1030,784213.74
2018-05,137,S4,L1,R1,1,16,2610,1616547.9
2018-05,138,S1,L1,R1,1,16,1800,1213843.05
2018-05,139,S4,L2,R2,1,15,3195,2109968.4
2018-05,140,S4,L1,R1,1,16,2447,1642882.62
2018-05,141,S1,L1,R2,1,16,1551,1166121.12
2018-05,142,S2,L1,R3,1,16,1285,979877.7
2018-05,143,S3,L2,R3,1,16,2368,1906997.49
2018-05,144,S1,L3,R3,1,16,1900,1240051.02
2018-05,145,S1,L3,R1,1,16,2011,1227249.96
2018-05,146,S4,L2,R1,1,16,4569,2681664.6
2018-05,147,S4,L2,R4,1,16,3257,2043311.25
2018-05,148,S1,L1,R2,1,16,1410,1067592.0
2018-05,149,S2,L3,R2,1,15,1318,938392.32
2018-05,150,S4,L2,R1,1,15,3601,2225557.92
2018-05,151,S1,L3,R2,1,16,1440,992396.4
2018-05,152,S2,L1,R1,1,16,1370,1116349.59
2018-05,153,S4,L2,R1,1,15,3921,2500453.02
2018-05,154,S1,L3,R2,1,15,1968,1188319.32
2018-05,155,S3,L1,R2,1,15,2179,1509987.9
2018-05,156,S1,L1,R3,1,15,1947,1421499.0
2018-05,157,S4,L2,R1,1,16,3349,2044570.56
2018-05,158,S4,L2,R2,1,16,3607,2092472.76
2018-05,159,S2,L1,R3,1,16,1317,1091958.99
2018-05,160,S4,L2,R1,1,16,4584,2660809.92
2018-05,161,S1,L1,R3,1,15,1492,1223023.74
2018-05,162,S4,L1,R2,1,16,2635,1705550.1
2018-05,163,S1,L2,R3,1,16,2088,1622466.48
2018-05,164,S1,L1,R3,1,16,1556,1162389.0
2018-05,165,S1,L1,R2,1,16,2065,1384477.08
2018-05,166,S1,L1,R2,1,16,1635,1217522.13
2018-05,167,S1,L1,R2,1,15,1747,1163675.4
2018-05,168,S2,L3,R3,1,16,1339,1013718.84
2018-05,169,S1,L2,R4,1,16,2011,1585031.37
2018-05,170,S1,L1,R2,1,16,1749,1407461.16
2018-05,171,S4,L2,R3,1,16,2845,1888134.0
2018-05,172,S1,L1,R1,1,16,2058,1348945.65
2018-05,173,S4,L2,R1,1,16,3560,2430966.33
2018-05,174,S1,L1,R4,1,16,1655,1237635.84
2018-05,175,S4,L2,R1,1,15,5287,3158200.32
2018-05,176,S4,L2,R3,1,16,3298,2310204.96
2018-05,177,S2,L1,R4,1,16,1411,1124785.68
2018-05,178,S3,L2,R3,1,16,2152,1543980.45
2018-05,179,S1,L1,R2,1,16,2061,1482001.95
2018-05,180,S1,L3,R2,1,16,1384,984738.84
2018-05,181,S3,L1,R3,1,15,2225,1359828.0
2018-05,182,S3,L1,R1,1,16,2094,1282218.0
2018-05,183,S1,L3,R1,1,16,2136,1297476.0
2018-05,184,S1,L2,R2,1,16,1857,1498711.8
2018-05,185,S1,L1,R3,1,17,1858,1411707.96
2018-05,186,S2,L5,R2,1,16,1001,754002.0
2018-05,187,S1,L1,R1,1,16,1586,1142700.0
2018-05,188,S3,L2,R1,1,16,2182,1834450.56
2018-05,189,S2,L3,R3,1,16,1219,957581.13
2018-05,190,S3,L3,R1,1,16,2239,1305480.0
2018-05,191,S3,L1,R1,1,16,2252,1388847.0
2018-05,192,S1,L1,R3,1,15,2013,1462102.56
2018-05,193,S2,L3,R4,1,16,1224,954791.19
2018-05,194,S1,L1,R2,1,16,1995,1379853.72
2018-05,195,S4,L1,R1,1,16,3229,1921951.74
2018-05,196,S1,L1,R3,1,16,1599,1305064.35
2018-05,197,S2,L5,R1,1,15,1217,792755.88
2018-05,198,S4,L2,R3,1,15,2898,1963637.58
2018-05,199,S1,L1,R4,1,16,1454,1099121.64
2018-05,200,S2,L1,R2,1,16,1331,1183200.24
2018-05,201,S4,L1,R1,1,15,3137,1785429.0
2018-05,202,S4,L2,R2,1,16,2683,1848036.36
2018-05,203,S2,L4,R2,1,16,1342,924876.0
2018-05,204,S4,L1,R3,1,16,2556,1612859.28
2018-05,205,S1,L1,R2,1,16,1971,1362659.34
2018-05,206,S1,L1,R1,1,16,1709,1216723.92
2018-05,207,S1,L1,R3,1,16,1678,1344849.42
2018-05,208,S3,L1,R1,1,16,2312,1443987.06
2018-05,209,S1,L1,R1,1,16,1606,1156022.82
2018-05,210,S1,L5,R1,1,16,1581,952651.26
2018-05,211,S4,L2,R1,1,15,3259,1958452.65
2018-05,212,S4,L2,R3,1,19,3430,2269303.2
2018-05,213,S1,L1,R2,1,16,2037,1375118.04
2018-05,214,S1,L1,R4,1,16,1625,1208778.15
2018-05,215,S3,L2,R1,1,16,2352,1746634.38
2018-05,216,S2,L5,R1,1,16,1234,777244.56
2018-05,217,S4,L1,R1,1,16,2558,1588197.3
2018-05,218,S1,L3,R2,1,16,1635,1087122.75
2018-05,219,S4,L2,R1,1,16,3819,2150107.8
2018-05,220,S2,L4,R3,1,16,1208,901675.44
2018-05,221,S1,L1,R2,1,16,2044,1422542.4
2018-05,222,S4,L2,R2,1,13,3238,1994552.22
2018-05,223,S2,L5,R2,1,16,1313,870169.53
2018-05,224,S1,L2,R2,1,16,1764,1349222.94
2018-05,225,S1,L1,R1,1,16,1742,1219092.96
2018-05,226,S2,L5,R4,1,15,1089,731679.48
2018-05,227,S4,L2,R1,1,16,2433,1706474.76
2018-05,228,S1,L1,R1,1,16,1635,1160543.22
2018-05,229,S1,L1,R2,1,16,2004,1316597.76
2018-05,230,S2,L4,R4,1,16,1078,824784.18
2018-05,231,S4,L2,R3,1,16,3116,1947015.42
2018-05,232,S1,L1,R4,1,16,1601,1173530.52
2018-05,233,S1,L3,R3,1,15,1685,1160484.0
2018-05,234,S2,L4,R2,1,16,1224,930150.66
2018-05,235,S1,L1,R3,1,16,1639,1334708.55
2018-05,236,S1,L1,R3,1,16,1697,1202794.5
2018-05,237,S2,L3,R3,1,16,1163,941493.42
2018-05,238,S1,L1,R2,1,16,1399,1083249.0
2018-05,239,S3,L1,R3,1,15,2203,1501664.04
2018-05,240,S3,L2,R3,1,15,2435,1660801.68
2018-05,241,S1,L1,R4,1,16,1974,1520925.6
2018-05,242,S4,L1,R1,1,16,2854,1635614.97
2018-05,243,S4,L2,R2,1,16,2541,1939381.8
2018-05,244,S2,L5,R4,1,15,1302,851881.56
2018-05,245,S4,L1,R2,1,16,2501,1630795.32
2018-05,246,S3,L1,R3,1,15,2144,1506296.28
2018-05,247,S1,L1,R3,1,16,1759,1334344.92
2018-05,248,S1,L1,R2,1,16,1524,1139097.21
2018-05,249,S1,L3,R2,1,16,1840,1122472.5
2018-05,250,S2,L3,R4,1,16,1354,1038352.77
2018-05,251,S2,L3,R1,1,16,1480,1087385.7
2018-05,252,S3,L2,R1,1,16,2475,1801108.5
2018-05,253,S4,L2,R1,1,15,2791,1741912.05
2018-05,254,S4,L1,R1,1,16,2484,1639241.76
2018-05,255,S3,L2,R4,1,16,2189,1652436.6
2018-05,256,S1,L2,R4,1,16,1875,1533658.38
2018-05,257,S1,L3,R1,1,16,1740,1122367.53
2018-05,258,S2,L4,R4,1,16,1222,915845.88
2018-05,259,S4,L1,R1,1,16,2481,1467164.94
2018-05,260,S1,L1,R4,1,16,1701,1211267.76
2018-05,261,S4,L2,R1,1,16,2429,1585805.76
2018-05,262,S1,L1,R1,1,16,2027,1498176.0
2018-05,263,S1,L5,R1,1,15,1640,922794.6
2018-05,264,S3,L1,R3,1,16,2093,1469400.0
2018-05,265,S2,L4,R2,1,16,1472,1024139.49
2018-05,266,S1,L1,R4,1,16,1606,1143580.56
2018-05,267,S4,L2,R1,1,16,1901,1305349.47
2018-05,268,S1,L2,R1,1,15,1922,1448400.0
2018-05,269,S1,L4,R1,1,16,1776,1127110.8
2018-05,270,S1,L1,R2,1,16,1610,1145369.07
2018-05,271,S1,L3,R2,1,16,2143,1358653.92
2018-05,272,S2,L4,R2,1,16,1375,921186.0
2018-05,273,S2,L3,R4,1,16,1088,893700.3
2018-05,274,S4,L2,R4,1,16,2717,1926468.0
2018-05,275,S4,L1,R1,1,16,2528,1596441.3
2018-05,276,S1,L1,R2,1,16,2101,1409496.3
2018-05,277,S1,L3,R1,1,16,1825,1103869.59
2018-05,278,S4,L1,R4,1,16,3062,1908474.3
2018-05,279,S2,L3,R2,1,16,1274,936090.18
2018-05,280,S4,L2,R2,1,15,3318,1995210.75
2018-05,281,S1,L4,R1,1,16,1810,1076018.82
2018-05,282,S1,L2,R2,1,16,2041,1724188.23
2018-05,283,S4,L1,R1,1,15,2745,1579933.95
2018-05,284,S4,L2,R3,1,16,2444,1658743.5
2018-05,285,S1,L3,R3,1,16,1452,1023023.04
2018-05,286,S4,L2,R4,1,16,3120,2017290.48
2018-05,287,S1,L4,R1,1,16,1987,1145700.0
2018-05,288,S3,L2,R3,1,15,2475,1788153.0
2018-05,289,S2,L5,R2,1,16,1216,810325.8
2018-05,290,S1,L1,R3,1,16,1767,1257341.4
2018-05,291,S1,L3,R1,1,16,2005,1214237.4
2018-05,292,S1,L1,R1,1,16,1618,1200955.05
2018-05,293,S2,L4,R2,1,16,1103,821299.5
2018-05,294,S4,L2,R2,1,15,3642,2275856.46
2018-05,295,S1,L1,R1,1,16,1568,1222163.4
2018-05,296,S1,L1,R1,1,16,2367,1651098.3
2018-05,297,S2,L3,R4,1,16,1394,973828.68
2018-05,298,S4,L1,R1,1,16,3708,1940770.26
2018-05,299,S1,L1,R3,1,16,1760,1415243.76
2018-05,300,S2,L5,R2,1,12,1208,778626.45
2018-05,301,S1,L3,R2,1,16,1764,1160907.0
2018-05,302,S1,L4,R2,1,16,1693,1023313.98
2018-05,303,S4,L2,R1,1,16,3307,1965433.65
2018-05,304,S1,L1,R4,1,15,1685,1161091.92
2018-05,305,S4,L1,R1,1,16,2743,1666423.77
2018-05,306,S1,L3,R2,1,16,1553,1076868.0
2018-05,307,S1,L5,R2,1,16,1384,842586.0
2018-05,308,S4,L2,R3,1,16,2771,1825493.4
2018-05,309,S1,L5,R1,1,16,1927,1050570.36
2018-05,310,S2,L5,R1,1,16,1347,840915.45
2018-05,311,S4,L2,R2,1,15,3014,1875778.02
2018-05,312,S4,L2,R1,1,16,5208,3066475.5
2018-05,313,S1,L3,R1,1,16,1568,1035091.02
2018-05,314,S1,L1,R2,1,15,2082,1420412.04
2018-05,315,S4,L2,R1,1,16,3580,2128242.0
2018-05,316,S4,L2,R1,1,16,2538,1761165.72
2018-05,317,S3,L1,R1,1,16,2103,1261053.0
2018-05,318,S1,L3,R2,1,16,1805,1183999.05
2018-05,319,S3,L1,R2,1,15,2321,1611142.23
2018-05,320,S2,L3,R2,1,16,1515,1061536.08
2018-05,321,S3,L1,R2,1,15,2274,1501817.55
2018-05,322,S2,L3,R4,1,16,1333,1004656.83
2018-05,323,S1,L4,R1,1,16,1647,1032158.64
2018-05,324,S1,L2,R3,1,15,1987,1625940.54
2018-05,325,S3,L1,R2,1,16,2043,1463953.8
2018-05,326,S3,L1,R1,1,16,2252,1515699.54
2018-05,327,S4,L1,R3,1,15,2969,1740826.74
2018-05,328,S1,L3,R1,1,16,1379,972654.21
2018-05,329,S4,L2,R3,1,15,2713,1928874.24
2018-05,330,S4,L2,R1,1,16,2706,1697191.74
2018-05,331,S1,L1,R4,1,16,1617,1185658.5
2018-05,332,S2,L5,R1,1,16,1381,906000.0
2018-05,333,S1,L1,R3,1,16,1562,1190539.38
2018-05,334,S3,L2,R2,1,16,2328,1732446.0
2018-05,335,S1,L1,R3,1,15,1852,1225476.0
2018-05,336,S4,L2,R1,1,16,3751,2315314.08
2018-05,337,S4,L2,R1,1,16,5131,3185298.54
2018-05,338,S4,L2,R1,1,15,2927,1950723.66
2018-05,339,S4,L2,R1,1,16,3238,1982491.92
2018-05,340,S4,L2,R3,1,16,2738,1874267.67
2018-05,341,S1,L1,R2,1,16,2036,1343715.54
2018-05,342,S4,L1,R1,1,16,2794,1654393.02
2018-05,343,S1,L1,R2,1,16,1766,1383392.4
2018-05,344,S1,L5,R1,1,16,2031,1128282.3
2018-05,345,S1,L1,R3,1,16,1653,1359424.02
2018-05,346,S4,L1,R1,1,16,3327,1968023.76
2018-05,347,S1,L1,R1,1,16,1872,1330458.72
2018-05,348,S3,L1,R1,1,15,2292,1431348.96
2018-05,349,S1,L1,R4,1,16,2053,1451099.16
2018-05,350,S1,L3,R2,1,15,1822,1193334.42
2018-05,351,S1,L4,R3,1,16,1620,1054988.46
2018-05,352,S4,L1,R1,1,16,2153,1388184.12
2018-05,353,S1,L3,R3,1,16,1547,1095990.48
2018-05,354,S4,L2,R1,1,16,3785,2627645.4
2018-05,355,S2,L4,R2,1,16,1192,913087.83
2018-05,356,S3,L3,R1,1,15,1981,1165054.86
2018-05,357,S4,L1,R1,1,12,2722,1710064.08
2018-05,358,S3,L1,R1,1,16,2300,1574964.0
2018-05,359,S2,L3,R2,1,16,1390,1089749.82
2018-05,360,S2,L1,R1,1,16,1296,994977.0
2018-05,361,S1,L3,R1,1,16,1883,1230576.72
2018-05,362,S1,L3,R3,1,15,1778,1135137.18
2018-05,363,S1,L1,R2,1,16,2121,1382113.62
2018-05,364,S2,L3,R2,1,16,1406,1000345.26
2018-05,365,S2,L1,R2,1,16,1343,990585.96
2018-06,1,S1,L3,R1,2,15,1668,1061951.22
2018-06,2,S3,L1,R3,2,14,2206,1433386.08
2018-06,3,S4,L2,R1,2,15,3070,1789235.28
2018-06,4,S1,L1,R2,2,14,1906,1203533.85
2018-06,5,S1,L1,R3,2,15,1955,1340568.0
2018-06,6,S4,L1,R1,2,15,2248,1389201.69
2018-06,7,S3,L1,R3,2,15,2217,1460077.1400000001
2018-06,8,S4,L2,R2,2,14,2501,1632636.51
2018-06,9,S1,L1,R1,2,13,1576,1091170.74
2018-06,10,S4,L2,R3,2,14,2570,1860621.6
2018-06,11,S4,L2,R1,2,14,3170,2020433.1
2018-06,12,S1,L3,R2,2,14,1557,988888.44
2018-06,13,S3,L3,R1,2,13,2049,1167780.78
2018-06,14,S3,L2,R4,2,14,2218,1770435.6
2018-06,15,S4,L2,R1,2,14,3148,1991781.12
2018-06,16,S1,L3,R1,2,14,1797,1075879.95
2018-06,17,S1,L1,R2,2,14,2030,1244574.42
2018-06,18,S4,L1,R1,2,15,2772,1672171.47
2018-06,19,S1,L1,R3,2,14,1511,1216839.6
2018-06,20,S1,L1,R1,2,14,1344,1131640.5
2018-06,21,S3,L2,R4,2,14,2359,1648112.1
2018-06,22,S1,L1,R4,2,14,1646,1364570.28
2018-06,23,S1,L1,R4,2,14,1649,1279376.67
2018-06,24,S1,L1,R2,2,15,1683,1136255.34
2018-06,25,S1,L3,R1,2,13,1881,1169275.47
2018-06,26,S1,L1,R3,2,15,1952,1392350.28
2018-06,27,S1,L3,R3,2,14,1408,1035437.25
2018-06,28,S3,L2,R3,2,14,2262,1695322.17
2018-06,29,S1,L4,R2,2,14,1459,971954.76
2018-06,30,S1,L2,R2,2,14,1986,1471679.31
2018-06,31,S1,L5,R2,2,14,1549,934557.84
2018-06,32,S1,L1,R2,2,14,1716,1331333.85
2018-06,33,S4,L2,R4,2,14,2506,1775182.05
2018-06,34,S1,L3,R1,2,13,1800,1090289.7
2018-06,35,S1,L1,R2,2,14,1845,1233628.92
2018-06,36,S1,L3,R4,2,15,1582,1067273.49
2018-06,37,S1,L3,R3,2,14,1438,1054475.58
2018-06,38,S1,L3,R2,2,14,1529,1102679.64
2018-06,39,S4,L1,R1,2,14,2975,1700051.37
2018-06,40,S1,L1,R4,2,14,1748,1403852.37
2018-06,41,S1,L1,R2,2,14,1925,1371944.46
2018-06,42,S1,L4,R3,2,15,1415,914787.36
2018-06,43,S1,L1,R2,2,14,1517,1063708.14
2018-06,44,S1,L3,R2,2,14,2025,1225734.42
2018-06,45,S3,L1,R1,2,15,2048,1293087.96
2018-06,46,S2,L1,R2,2,14,1292,1017381.87
2018-06,47,S4,L2,R2,2,14,2928,1861511.04
2018-06,48,S1,L1,R2,2,14,1559,1207526.82
2018-06,49,S4,L1,R2,2,14,2884,1730800.38
2018-06,50,S3,L2,R4,2,14,2266,1623641.01
2018-06,51,S1,L1,R2,2,14,1486,1094877.21
2018-06,52,S1,L1,R3,2,14,1821,1286822.46
2018-06,53,S3,L1,R2,2,15,2048,1367562.72
2018-06,54,S1,L2,R3,2,14,1698,1368567.06
2018-06,55,S1,L1,R2,2,14,1966,1318623.24
2018-06,56,S2,L5,R3,2,14,1279,841753.44
2018-06,57,S4,L1,R1,2,14,2354,1352475.18
2018-06,58,S1,L1,R1,2,14,1732,1201527.78
2018-06,59,S1,L3,R1,2,14,1532,1011237.72
2018-06,60,S1,L5,R2,2,14,1405,886448.28
2018-06,61,S1,L1,R3,2,14,1989,1320642.69
2018-06,62,S2,L5,R1,2,14,1167,802238.58
2018-06,63,S1,L1,R2,2,14,2032,1438167.12
2018-06,64,S3,L1,R2,2,14,2019,1324304.01
2018-06,65,S1,L2,R2,2,14,2508,2049783.3
2018-06,66,S3,L3,R3,2,15,2118,1261580.22
2018-06,67,S2,L5,R1,2,15,968,608642.46
2018-06,68,S1,L2,R4,2,14,1908,1473356.22
2018-06,69,S1,L1,R4,2,14,1595,1110229.47
2018-06,70,S1,L1,R3,2,15,1639,1104947.88
2018-06,71,S2,L5,R1,2,14,993,687071.88
2018-06,72,S1,L2,R3,2,14,2022,1549880.76
2018-06,73,S3,L2,R4,2,14,2057,1625191.77
2018-06,74,S3,L1,R2,2,15,2191,1475054.37
2018-06,75,S3,L2,R3,2,14,2219,1652931.99
2018-06,76,S2,L3,R3,2,14,1213,911304.84
2018-06,77,S2,L5,R3,2,14,953,698977.86
2018-06,78,S1,L1,R4,2,14,1485,1099161.24
2018-06,79,S2,L5,R4,2,14,1064,766272.66
2018-06,80,S1,L1,R1,2,14,1667,1140009.84
2018-06,81,S3,L2,R1,2,14,2030,1542172.8
2018-06,82,S4,L2,R1,2,15,3013,1811511.42
2018-06,83,S2,L5,R1,2,14,781,585109.44
2018-06,84,S1,L1,R3,2,14,1978,1312533.0
2018-06,85,S4,L2,R1,2,13,3393,2062176.42
2018-06,86,S1,L1,R4,2,14,1504,1108300.92
2018-06,87,S4,L2,R3,2,14,2888,2264462.52
2018-06,88,S2,L5,R2,2,14,1192,845739.99
2018-06,89,S1,L4,R1,2,15,1392,863526.42
2018-06,90,S1,L1,R3,2,14,1839,1246010.94
2018-06,91,S3,L1,R1,2,14,2075,1394639.01
2018-06,92,S1,L4,R2,2,15,1443,864796.98
2018-06,93,S1,L1,R4,2,13,1584,1198307.37
2018-06,94,S4,L2,R2,2,14,2450,1667501.7
2018-06,95,S3,L1,R1,2,13,1913,1180458.09
2018-06,96,S3,L1,R3,2,14,2275,1531811.82
2018-06,97,S4,L1,R1,2,14,2688,1654019.1
2018-06,98,S2,L5,R2,2,14,984,712702.38
2018-06,99,S1,L1,R3,2,14,1931,1251250.92
2018-06,100,S1,L1,R2,2,14,1684,1186961.04
2018-06,101,S1,L4,R3,2,14,1405,921778.68
2018-06,102,S4,L2,R1,2,14,2652,1771327.77
2018-06,103,S1,L3,R3,2,14,1654,1069757.19
2018-06,104,S1,L1,R2,2,14,1713,1124729.22
2018-06,105,S4,L2,R1,2,15,2467,1603298.7
2018-06,106,S1,L1,R4,2,15,1723,1182260.31
2018-06,107,S1,L3,R3,2,15,1621,1061796.6
2018-06,108,S1,L1,R4,2,14,1887,1411695.66
2018-06,109,S1,L1,R1,2,14,1872,1247523.09
2018-06,110,S2,L3,R3,2,14,1305,974114.13
2018-06,111,S1,L1,R2,2,14,1900,1356004.92
2018-06,112,S1,L1,R3,2,14,1724,1139740.56
2018-06,113,S2,L3,R3,2,14,1176,935904.42
2018-06,114,S3,L1,R4,2,14,2228,1565796.18
2018-06,115,S4,L2,R1,2,15,3166,1876516.14
2018-06,116,S2,L3,R3,2,13,1280,987926.88
2018-06,117,S1,L1,R3,2,14,1557,1162719.24
2018-06,118,S2,L1,R4,2,13,1420,1134647.13
2018-06,119,S1,L1,R3,2,14,2026,1352866.86
2018-06,120,S3,L2,R2,2,13,2193,1745665.08
2018-06,121,S1,L1,R4,2,14,1878,1395966.9
2018-06,122,S1,L1,R2,2,14,1598,1238449.26
2018-06,123,S4,L2,R3,2,14,2326,1721655.54
2018-06,124,S3,L2,R3,2,14,2363,1768647.66
2018-06,125,S4,L2,R1,2,15,2928,1792586.58
2018-06,126,S4,L2,R2,2,14,3910,2734940.64
2018-06,127,S4,L2,R2,2,14,2986,1978825.47
2018-06,128,S1,L2,R2,2,14,1770,1316854.35
2018-06,129,S3,L1,R1,2,14,1944,1210862.4
2018-06,130,S1,L1,R3,2,14,1752,1193125.05
2018-06,131,S4,L2,R1,2,15,3540,2083394.82
2018-06,132,S1,L1,R3,2,15,1951,1384342.41
2018-06,133,S1,L1,R4,2,14,1953,1300989.3
2018-06,134,S1,L4,R1,2,14,1436,930002.07
2018-06,135,S1,L1,R4,2,14,1594,1258371.36
2018-06,136,S2,L5,R4,2,14,973,753942.42
2018-06,137,S4,L1,R1,2,14,2430,1474991.94
2018-06,138,S1,L1,R1,2,13,1704,1126626.48
2018-06,139,S4,L2,R2,2,15,3005,1965342.48
2018-06,140,S4,L1,R1,2,14,2375,1588069.44
2018-06,141,S1,L1,R2,2,14,1518,1135630.47
2018-06,142,S2,L1,R3,2,14,1277,973942.95
2018-06,143,S3,L2,R3,2,14,2253,1816242.9
2018-06,144,S1,L3,R3,2,13,1843,1183834.47
2018-06,145,S1,L3,R1,2,14,1785,1077245.25
2018-06,146,S4,L2,R1,2,14,4174,2444890.89
2018-06,147,S4,L2,R4,2,13,3423,2069232.72
2018-06,148,S1,L1,R2,2,14,1349,1014828.78
2018-06,149,S2,L3,R2,2,15,1257,898834.89
2018-06,150,S4,L2,R1,2,15,3277,2027175.06
2018-06,151,S1,L3,R2,2,13,1512,1026358.26
2018-06,152,S2,L1,R1,2,14,1313,1069523.58
2018-06,153,S4,L2,R1,2,14,3811,2434492.32
2018-06,154,S1,L3,R2,2,14,1899,1154066.97
2018-06,155,S3,L1,R2,2,15,2089,1439947.05
2018-06,156,S1,L1,R3,2,14,1952,1417643.97
2018-06,157,S4,L2,R1,2,14,3186,1912879.92
2018-06,158,S4,L2,R2,2,14,3343,1929092.28
2018-06,159,S2,L1,R3,2,14,1277,1043610.99
2018-06,160,S4,L2,R1,2,14,4283,2489031.84
2018-06,161,S1,L1,R3,2,14,1536,1269218.1
2018-06,162,S4,L1,R2,2,14,2441,1567566.0
2018-06,163,S1,L2,R3,2,14,2032,1565532.51
2018-06,164,S1,L1,R3,2,14,1544,1133264.91
2018-06,165,S1,L1,R2,2,14,1951,1310857.17
2018-06,166,S1,L1,R2,2,14,1597,1185866.46
2018-06,167,S1,L1,R2,2,15,1609,1066168.02
2018-06,168,S2,L3,R3,2,14,1284,965397.24
2018-06,169,S1,L2,R4,2,14,1954,1541644.08
2018-06,170,S1,L1,R2,2,14,1718,1363734.48
2018-06,171,S4,L2,R3,2,14,2578,1709564.31
2018-06,172,S1,L1,R1,2,13,1974,1296668.67
2018-06,173,S4,L2,R1,2,14,3432,2304766.53
2018-06,174,S1,L1,R4,2,14,1605,1190866.32
2018-06,175,S4,L2,R1,2,15,4845,2928861.21
2018-06,176,S4,L2,R3,2,14,3055,2123858.34
2018-06,177,S2,L1,R4,2,14,1312,1044112.8
2018-06,178,S3,L2,R3,2,14,2011,1435743.42
2018-06,179,S1,L1,R2,2,13,2176,1544453.64
2018-06,180,S1,L3,R2,2,14,1298,919315.56
2018-06,181,S3,L1,R3,2,14,2171,1334708.76
2018-06,182,S3,L1,R1,2,13,2106,1299040.86
2018-06,183,S1,L3,R1,2,14,1915,1167381.36
2018-06,184,S1,L2,R2,2,14,1758,1408740.69
2018-06,185,S1,L1,R3,2,12,1774,1333152.6
2018-06,186,S2,L5,R2,2,14,959,717460.62
2018-06,187,S1,L1,R1,2,14,1555,1122310.56
2018-06,188,S3,L2,R1,2,14,2142,1795298.55
2018-06,189,S2,L3,R3,2,13,1186,945765.81
2018-06,190,S3,L3,R1,2,14,2046,1190872.65
2018-06,191,S3,L1,R1,2,14,2146,1310951.88
2018-06,192,S1,L1,R3,2,15,1896,1383790.95
2018-06,193,S2,L3,R4,2,14,1179,890408.52
2018-06,194,S1,L1,R2,2,14,1812,1253407.74
2018-06,195,S4,L1,R1,2,13,2944,1734219.6
2018-06,196,S1,L1,R3,2,13,1614,1315024.95
2018-06,197,S2,L5,R1,2,15,1127,746196.6
2018-06,198,S4,L2,R3,2,14,2900,2003781.45
2018-06,199,S1,L1,R4,2,14,1391,1043209.35
2018-06,200,S2,L1,R2,2,14,1302,1151323.8
2018-06,201,S4,L1,R1,2,15,3016,1713872.1
2018-06,202,S4,L2,R2,2,14,2410,1669745.01
2018-06,203,S2,L4,R2,2,14,1297,884650.56
2018-06,204,S4,L1,R3,2,14,2428,1512982.11
2018-06,205,S1,L1,R2,2,14,1828,1242378.63
2018-06,206,S1,L1,R1,2,14,1754,1285789.62
2018-06,207,S1,L1,R3,2,14,1628,1281338.07
2018-06,208,S3,L1,R1,2,14,2197,1362351.21
2018-06,209,S1,L1,R1,2,14,1464,1049709.9
2018-06,210,S1,L5,R1,2,14,1418,839075.94
2018-06,211,S4,L2,R1,2,15,2995,1825634.76
2018-06,212,S4,L2,R3,2,10,3241,2111937.24
2018-06,213,S1,L1,R2,2,14,1983,1317546.84
2018-06,214,S1,L1,R4,2,14,1524,1133319.24
2018-06,215,S3,L2,R1,2,14,2116,1567288.11
2018-06,216,S2,L5,R1,2,14,1159,737533.47
2018-06,217,S4,L1,R1,2,13,2395,1495839.6
2018-06,218,S1,L3,R2,2,14,1517,995648.7
2018-06,219,S4,L2,R1,2,14,3457,1946064.54
2018-06,220,S2,L4,R3,2,14,1175,880995.42
2018-06,221,S1,L1,R2,2,14,1896,1320405.15
2018-06,222,S4,L2,R2,2,15,3206,1993810.53
2018-06,223,S2,L5,R2,2,14,1196,793130.94
2018-06,224,S1,L2,R2,2,14,1712,1291898.67
2018-06,225,S1,L1,R1,2,14,1620,1123108.02
2018-06,226,S2,L5,R4,2,14,1104,757154.73
2018-06,227,S4,L2,R1,2,14,2359,1622088.0
2018-06,228,S1,L1,R1,2,14,1515,1080096.15
2018-06,229,S1,L1,R2,2,14,1964,1282265.07
2018-06,230,S2,L4,R4,2,14,1019,787245.18
2018-06,231,S4,L2,R3,2,14,2871,1782286.08
2018-06,232,S1,L1,R4,2,14,1510,1093333.98
2018-06,233,S1,L3,R3,2,15,1566,1081566.45
2018-06,234,S2,L4,R2,2,14,1159,887362.89
2018-06,235,S1,L1,R3,2,14,1629,1334928.57
2018-06,236,S1,L1,R3,2,14,1691,1203521.4
2018-06,237,S2,L3,R3,2,13,1172,960130.32
2018-06,238,S1,L1,R2,2,14,1345,1043668.41
2018-06,239,S3,L1,R3,2,15,2092,1433638.5
2018-06,240,S3,L2,R3,2,15,2280,1565639.46
2018-06,241,S1,L1,R4,2,14,1820,1405360.56
2018-06,242,S4,L1,R1,2,14,2585,1473124.41
2018-06,243,S4,L2,R2,2,14,2430,1862942.16
2018-06,244,S2,L5,R4,2,15,1231,811376.67
2018-06,245,S4,L1,R2,2,14,2466,1582236.84
2018-06,246,S3,L1,R3,2,15,2040,1435047.78
2018-06,247,S1,L1,R3,2,14,1641,1233455.01
2018-06,248,S1,L1,R2,2,14,1451,1071285.54
2018-06,249,S1,L3,R2,2,14,1666,1019862.3
2018-06,250,S2,L3,R4,2,14,1287,996954.6
2018-06,251,S2,L3,R1,2,14,1327,969520.47
2018-06,252,S3,L2,R1,2,14,2270,1621677.03
2018-06,253,S4,L2,R1,2,15,2682,1669706.16
2018-06,254,S4,L1,R1,2,14,2281,1502675.7
2018-06,255,S3,L2,R4,2,13,2232,1678406.22
2018-06,256,S1,L2,R4,2,14,1845,1513951.41
2018-06,257,S1,L3,R1,2,13,1705,1088329.83
2018-06,258,S2,L4,R4,2,13,1200,889829.64
2018-06,259,S4,L1,R1,2,14,2355,1380439.59
2018-06,260,S1,L1,R4,2,14,1657,1175135.28
2018-06,261,S4,L2,R1,2,14,2220,1441026.18
2018-06,262,S1,L1,R1,2,14,1974,1455405.45
2018-06,263,S1,L5,R1,2,14,1598,896226.93
2018-06,264,S3,L1,R3,2,14,2014,1405988.4
2018-06,265,S2,L4,R2,2,14,1399,971161.95
2018-06,266,S1,L1,R4,2,14,1568,1098775.2
2018-06,267,S4,L2,R1,2,14,1908,1301359.68
2018-06,268,S1,L2,R1,2,15,1785,1346189.82
2018-06,269,S1,L4,R1,2,14,1683,1058792.82
2018-06,270,S1,L1,R2,2,14,1489,1042125.0
2018-06,271,S1,L3,R2,2,14,1976,1213778.13
2018-06,272,S2,L4,R2,2,14,1264,829050.0
2018-06,273,S2,L3,R4,2,13,1031,844877.49
2018-06,274,S4,L2,R4,2,14,2490,1765300.83
2018-06,275,S4,L1,R1,2,13,2381,1519041.72
2018-06,276,S1,L1,R2,2,14,1958,1308386.82
2018-06,277,S1,L3,R1,2,14,1720,1047729.24
2018-06,278,S4,L1,R4,2,14,3051,1854345.96
2018-06,279,S2,L3,R2,2,14,1254,912570.0
2018-06,280,S4,L2,R2,2,15,3059,1843107.06
2018-06,281,S1,L4,R1,2,13,1505,904588.74
2018-06,282,S1,L2,R2,2,14,1895,1591539.93
2018-06,283,S4,L1,R1,2,15,2552,1468345.2
2018-06,284,S4,L2,R3,2,14,2236,1522821.75
2018-06,285,S1,L3,R3,2,14,1374,957986.64
2018-06,286,S4,L2,R4,2,12,3355,2263836.84
2018-06,287,S1,L4,R1,2,14,1777,1020546.24
2018-06,288,S3,L2,R3,2,15,2266,1604137.62
2018-06,289,S2,L5,R2,2,14,1203,804341.43
2018-06,290,S1,L1,R3,2,14,1681,1189997.61
2018-06,291,S1,L3,R1,2,14,1937,1157565.69
2018-06,292,S1,L1,R1,2,14,1552,1153678.2
2018-06,293,S2,L4,R2,2,14,1066,774572.8200000001
2018-06,294,S4,L2,R2,2,15,3333,2083592.49
2018-06,295,S1,L1,R1,2,14,1530,1175727.75
2018-06,296,S1,L1,R1,2,14,2006,1371855.06
2018-06,297,S2,L3,R4,2,14,1323,926247.39
2018-06,298,S4,L1,R1,2,13,3569,1880608.98
2018-06,299,S1,L1,R3,2,14,1661,1309884.87
2018-06,300,S2,L5,R2,2,15,1055,670766.97
2018-06,301,S1,L3,R2,2,14,1711,1125519.81
2018-06,302,S1,L4,R2,2,14,1532,930255.81
2018-06,303,S4,L2,R1,2,13,3227,1914797.31
2018-06,304,S1,L1,R4,2,15,1588,1078745.31
2018-06,305,S4,L1,R1,2,14,2586,1563592.68
2018-06,306,S1,L3,R2,2,14,1449,999874.2
2018-06,307,S1,L5,R2,2,13,1364,812773.2
2018-06,308,S4,L2,R3,2,14,2547,1693281.15
2018-06,309,S1,L5,R1,2,13,1790,981620.4
2018-06,310,S2,L5,R1,2,14,1207,744270.72
2018-06,311,S4,L2,R2,2,15,3473,2220223.86
2018-06,312,S4,L2,R1,2,14,4922,2879899.26
2018-06,313,S1,L3,R1,2,14,1529,988643.8200000001
2018-06,314,S1,L1,R2,2,15,1926,1316554.74
2018-06,315,S4,L2,R1,2,14,3482,2071931.01
2018-06,316,S4,L2,R1,2,13,2600,1806844.56
2018-06,317,S3,L1,R1,2,14,2016,1201326.27
2018-06,318,S1,L3,R2,2,14,1770,1153139.79
2018-06,319,S3,L1,R2,2,15,2185,1517053.53
2018-06,320,S2,L3,R2,2,14,1392,987014.58
2018-06,321,S3,L1,R2,2,15,2074,1377631.77
2018-06,322,S2,L3,R4,2,14,1293,969366.09
2018-06,323,S1,L4,R1,2,13,1596,1000559.52
2018-06,324,S1,L2,R3,2,15,1947,1588063.62
2018-06,325,S3,L1,R2,2,14,1949,1373867.1
2018-06,326,S3,L1,R1,2,14,2149,1430964.66
2018-06,327,S4,L1,R3,2,14,2994,1775273.25
2018-06,328,S1,L3,R1,2,14,1365,964978.56
2018-06,329,S4,L2,R3,2,15,2604,1845184.65
2018-06,330,S4,L2,R1,2,14,2527,1576156.23
2018-06,331,S1,L1,R4,2,14,1542,1143185.64
2018-06,332,S2,L5,R1,2,14,1316,846786.48
2018-06,333,S1,L1,R3,2,14,1474,1120002.72
2018-06,334,S3,L2,R2,2,14,2321,1735581.84
2018-06,335,S1,L1,R3,2,15,1824,1212262.92
2018-06,336,S4,L2,R1,2,14,3530,2138280.0
2018-06,337,S4,L2,R1,2,14,4787,2930442.0
2018-06,338,S4,L2,R1,2,14,2939,1978843.02
2018-06,339,S4,L2,R1,2,14,3056,1857386.91
2018-06,340,S4,L2,R3,2,14,2543,1742311.26
2018-06,341,S1,L1,R2,2,14,1915,1258513.38
2018-06,342,S4,L1,R1,2,13,2805,1634465.64
2018-06,343,S1,L1,R2,2,14,1635,1281659.34
2018-06,344,S1,L5,R1,2,14,1955,1080571.53
2018-06,345,S1,L1,R3,2,14,1574,1288128.87
2018-06,346,S4,L1,R1,2,13,2989,1778940.9
2018-06,347,S1,L1,R1,2,14,1731,1219881.36
2018-06,348,S3,L1,R1,2,15,2057,1277669.22
2018-06,349,S1,L1,R4,2,14,1925,1345812.0
2018-06,350,S1,L3,R2,2,15,1721,1124303.7
2018-06,351,S1,L4,R3,2,14,1515,973204.5
2018-06,352,S4,L1,R1,2,14,1994,1265692.02
2018-06,353,S1,L3,R3,2,14,1464,1027187.52
2018-06,354,S4,L2,R1,2,14,3548,2443065.36
2018-06,355,S2,L4,R2,2,14,1134,864589.98
2018-06,356,S3,L3,R1,2,15,1811,1067460.48
2018-06,357,S4,L1,R1,2,15,2571,1635645.69
2018-06,358,S3,L1,R1,2,14,2175,1459707.84
2018-06,359,S2,L3,R2,2,14,1311,1019748.96
2018-06,360,S2,L1,R1,2,14,1295,1005990.36
2018-06,361,S1,L3,R1,2,14,1671,1073758.32
2018-06,362,S1,L3,R3,2,15,1632,1053331.02
2018-06,363,S1,L1,R2,2,14,2078,1369858.56
2018-06,364,S2,L3,R2,2,14,1358,958037.58
2018-06,365,S2,L1,R2,2,14,1249,924518.43
2018-07,1,S1,L3,R1,1,15,2076,1225529.4
2018-07,2,S3,L1,R3,1,15,2760,1622490.0
2018-07,3,S4,L2,R1,1,15,4756,2610824.04
2018-07,4,S1,L1,R2,1,15,2301,1324469.37
2018-07,5,S1,L1,R3,1,15,2449,1547160.0
2018-07,6,S4,L1,R1,1,15,2955,1703259.6
2018-07,7,S3,L1,R3,1,15,2675,1637649.0
2018-07,8,S4,L2,R2,1,14,2834,1620559.35
2018-07,9,S1,L1,R1,1,15,1766,1139513.94
2018-07,10,S4,L2,R3,1,15,3043,2025776.7
2018-07,11,S4,L2,R1,1,15,4035,2329480.11
2018-07,12,S1,L3,R2,1,15,1855,1108959.0
2018-07,13,S3,L3,R1,1,15,2429,1254531.9
2018-07,14,S3,L2,R4,1,15,2558,1869588.96
2018-07,15,S4,L2,R1,1,14,3555,1998866.73
2018-07,16,S1,L3,R1,1,15,2145,1182543.84
2018-07,17,S1,L1,R2,1,14,2184,1201519.68
2018-07,18,S4,L1,R1,1,15,3473,1946000.1
2018-07,19,S1,L1,R3,1,14,1671,1204653.36
2018-07,20,S1,L1,R1,1,14,1485,1104032.7
2018-07,21,S3,L2,R4,1,15,2763,1835143.92
2018-07,22,S1,L1,R4,1,15,1996,1523131.74
2018-07,23,S1,L1,R4,1,14,1730,1181040.72
2018-07,24,S1,L1,R2,1,15,1940,1212975.6
2018-07,25,S1,L3,R1,1,15,2134,1205976.0
2018-07,26,S1,L1,R3,1,15,2496,1649430.0
2018-07,27,S1,L3,R3,1,15,1647,1150762.95
2018-07,28,S3,L2,R3,1,15,2744,1892160.84
2018-07,29,S1,L4,R2,1,14,1584,920247.06
2018-07,30,S1,L2,R2,1,15,2463,1681567.56
2018-07,31,S1,L5,R2,1,15,1844,1009803.36
2018-07,32,S1,L1,R2,1,14,1883,1280296.92
2018-07,33,S4,L2,R4,1,15,3151,2020451.73
2018-07,34,S1,L3,R1,1,15,2050,1120133.22
2018-07,35,S1,L1,R2,1,14,1963,1160535.15
2018-07,36,S1,L3,R4,1,15,2096,1294521.6
2018-07,37,S1,L3,R3,1,15,1658,1115046.24
2018-07,38,S1,L3,R2,1,14,1592,1020553.47
2018-07,39,S4,L1,R1,1,15,3656,1893695.7
2018-07,40,S1,L1,R4,1,14,1951,1378224.66
2018-07,41,S1,L1,R2,1,15,2232,1456770.0
2018-07,42,S1,L4,R3,1,15,1941,1155172.35
2018-07,43,S1,L1,R2,1,15,1838,1166697.18
2018-07,44,S1,L3,R2,1,14,2187,1183613.04
2018-07,45,S3,L1,R1,1,15,2672,1577579.58
2018-07,46,S2,L1,R2,1,14,1517,1070330.58
2018-07,47,S4,L2,R2,1,14,3148,1777726.2
2018-07,48,S1,L1,R2,1,14,1661,1149617.88
2018-07,49,S4,L1,R2,1,15,3527,1933212.51
2018-07,50,S3,L2,R4,1,15,2568,1713232.92
2018-07,51,S1,L1,R2,1,14,1601,1042557.45
2018-07,52,S1,L1,R3,1,15,2356,1551418.32
2018-07,53,S3,L1,R2,1,15,2613,1677426.0
2018-07,54,S1,L2,R3,1,15,2028,1540560.0
2018-07,55,S1,L1,R2,1,14,2096,1252736.46
2018-07,56,S2,L5,R3,1,14,1394,823578.9
2018-07,57,S4,L1,R1,1,15,3127,1645336.38
2018-07,58,S1,L1,R1,1,15,2031,1295451.0
2018-07,59,S1,L3,R1,1,15,1966,1157655.15
2018-07,60,S1,L5,R2,1,15,1598,914774.88
2018-07,61,S1,L1,R3,1,14,2214,1310382.84
2018-07,62,S2,L5,R1,1,14,1217,728466.0
2018-07,63,S1,L1,R2,1,14,2181,1371801.0
2018-07,64,S3,L1,R2,1,14,2283,1331951.4
2018-07,65,S1,L2,R2,1,14,2255,1592645.52
2018-07,66,S3,L3,R3,1,15,2465,1352828.82
2018-07,67,S2,L5,R1,1,15,1271,756834.93
2018-07,68,S1,L2,R4,1,15,2347,1686039.0
2018-07,69,S1,L1,R4,1,14,1721,1068123.75
2018-07,70,S1,L1,R3,1,14,1925,1195428.45
2018-07,71,S2,L5,R1,1,15,1167,730897.56
2018-07,72,S1,L2,R3,1,15,2291,1608838.68
2018-07,73,S3,L2,R4,1,15,2467,1784355.0
2018-07,74,S3,L1,R2,1,15,2577,1614658.5
2018-07,75,S3,L2,R3,1,15,2670,1843982.04
2018-07,76,S2,L3,R3,1,14,1257,838956.3
2018-07,77,S2,L5,R3,1,15,1062,727391.79
2018-07,78,S1,L1,R4,1,15,1857,1281852.72
2018-07,79,S2,L5,R4,1,15,1301,864562.56
2018-07,80,S1,L1,R1,1,15,1916,1194848.85
2018-07,81,S3,L2,R1,1,15,2559,1837326.0
2018-07,82,S4,L2,R1,1,15,4563,2563417.26
2018-07,83,S2,L5,R1,1,15,888,611458.68
2018-07,84,S1,L1,R3,1,15,2238,1376282.94
2018-07,85,S4,L2,R1,1,15,4241,2336916.6
2018-07,86,S1,L1,R4,1,14,1648,1070479.02
2018-07,87,S4,L2,R3,1,15,3471,2590434.0
2018-07,88,S2,L5,R2,1,14,1171,716569.02
2018-07,89,S1,L4,R1,1,15,2054,1162767.36
2018-07,90,S1,L1,R3,1,15,2282,1433315.46
2018-07,91,S3,L1,R1,1,14,2235,1317562.8
2018-07,92,S1,L4,R2,1,15,1933,1073432.52
2018-07,93,S1,L1,R4,1,15,1823,1260132.0
2018-07,94,S4,L2,R2,1,14,2688,1616538.84
2018-07,95,S3,L1,R1,1,15,2341,1308831.0
2018-07,96,S3,L1,R3,1,15,2865,1714155.0
2018-07,97,S4,L1,R1,1,15,3168,1752294.0
2018-07,98,S2,L5,R2,1,15,1207,822340.32
2018-07,99,S1,L1,R3,1,15,2396,1399075.68
2018-07,100,S1,L1,R2,1,15,2019,1317196.56
2018-07,101,S1,L4,R3,1,14,1546,905768.1
2018-07,102,S4,L2,R1,1,15,3359,2035750.44
2018-07,103,S1,L3,R3,1,15,2021,1189265.01
2018-07,104,S1,L1,R2,1,14,1892,1099726.26
2018-07,105,S4,L2,R1,1,15,3246,1978894.32
2018-07,106,S1,L1,R4,1,15,2266,1452501.0
2018-07,107,S1,L3,R3,1,15,2087,1264435.14
2018-07,108,S1,L1,R4,1,15,2293,1581075.0
2018-07,109,S1,L1,R1,1,15,2379,1461081.0
2018-07,110,S2,L3,R3,1,15,1537,1058202.18
2018-07,111,S1,L1,R2,1,15,2257,1497486.0
2018-07,112,S1,L1,R3,1,15,2042,1245767.82
2018-07,113,S2,L3,R3,1,15,1380,1013033.7
2018-07,114,S3,L1,R4,1,15,2555,1624996.41
2018-07,115,S4,L2,R1,1,15,3938,2150703.6
2018-07,116,S2,L3,R3,1,15,1390,987377.46
2018-07,117,S1,L1,R3,1,15,1857,1264510.41
2018-07,118,S2,L1,R4,1,15,1575,1146175.32
2018-07,119,S1,L1,R3,1,15,2233,1393098.84
2018-07,120,S3,L2,R2,1,15,2475,1810602.36
2018-07,121,S1,L1,R4,1,15,2194,1496922.12
2018-07,122,S1,L1,R2,1,15,1990,1431170.1
2018-07,123,S4,L2,R3,1,15,2707,1842727.2
2018-07,124,S3,L2,R3,1,15,2866,2030931.12
2018-07,125,S4,L2,R1,1,15,4064,2306475.96
2018-07,126,S4,L2,R2,1,15,4644,2922165.0
2018-07,127,S4,L2,R2,1,15,3512,2117155.86
2018-07,128,S1,L2,R2,1,15,2080,1430712.48
2018-07,129,S3,L1,R1,1,15,2357,1332497.64
2018-07,130,S1,L1,R3,1,14,1821,1090812.15
2018-07,131,S4,L2,R1,1,15,4657,2518959.36
2018-07,132,S1,L1,R3,1,15,2531,1694327.82
2018-07,133,S1,L1,R4,1,15,2427,1514029.14
2018-07,134,S1,L4,R1,1,15,1736,1032135.6
2018-07,135,S1,L1,R4,1,15,1848,1333651.38
2018-07,136,S2,L5,R4,1,14,1060,719008.08
2018-07,137,S4,L1,R1,1,15,2895,1620151.35
2018-07,138,S1,L1,R1,1,15,1883,1144140.18
2018-07,139,S4,L2,R2,1,15,4142,2522893.8
2018-07,140,S4,L1,R1,1,14,2463,1462272.36
2018-07,141,S1,L1,R2,1,14,1852,1230198.18
2018-07,142,S2,L1,R3,1,14,1392,935291.88
2018-07,143,S3,L2,R3,1,14,2515,1778327.73
2018-07,144,S1,L3,R3,1,15,1991,1159758.66
2018-07,145,S1,L3,R1,1,15,2250,1237384.68
2018-07,146,S4,L2,R1,1,15,6184,3300219.0
2018-07,147,S4,L2,R4,1,15,4017,2230448.34
2018-07,148,S1,L1,R2,1,15,1557,1066791.0
2018-07,149,S2,L3,R2,1,15,1635,1094226.0
2018-07,150,S4,L2,R1,1,15,4418,2495083.89
2018-07,151,S1,L3,R2,1,15,1683,1056293.82
2018-07,152,S2,L1,R1,1,14,1500,1090326.0
2018-07,153,S4,L2,R1,1,15,5044,2914772.1
2018-07,154,S1,L3,R2,1,15,2471,1368395.07
2018-07,155,S3,L1,R2,1,15,2628,1693797.48
2018-07,156,S1,L1,R3,1,15,2360,1596019.68
2018-07,157,S4,L2,R1,1,14,3408,1820790.24
2018-07,158,S4,L2,R2,1,14,3773,1889124.9
2018-07,159,S2,L1,R3,1,14,1338,959751.24
2018-07,160,S4,L2,R1,1,15,5521,2855403.0
2018-07,161,S1,L1,R3,1,15,1635,1274620.44
2018-07,162,S4,L1,R2,1,15,2783,1614116.55
2018-07,163,S1,L2,R3,1,15,2385,1703158.68
2018-07,164,S1,L1,R3,1,15,1883,1283442.0
2018-07,165,S1,L1,R2,1,14,1978,1165071.0
2018-07,166,S1,L1,R2,1,14,1718,1124258.04
2018-07,167,S1,L1,R2,1,15,2217,1375527.3
2018-07,168,S2,L3,R3,1,15,1507,1056883.2
2018-07,169,S1,L2,R4,1,14,2090,1444093.14
2018-07,170,S1,L1,R2,1,14,1873,1304331.3
2018-07,171,S4,L2,R3,1,15,3160,1922727.51
2018-07,172,S1,L1,R1,1,15,2155,1277577.12
2018-07,173,S4,L2,R1,1,14,3824,2284467.18
2018-07,174,S1,L1,R4,1,14,1696,1114193.52
2018-07,175,S4,L2,R1,1,15,6541,3555957.99
2018-07,176,S4,L2,R3,1,15,3580,2246971.44
2018-07,177,S2,L1,R4,1,14,1516,1053803.52
2018-07,178,S3,L2,R3,1,15,2496,1631916.78
2018-07,179,S1,L1,R2,1,15,2317,1481487.42
2018-07,180,S1,L3,R2,1,14,1463,928680.3
2018-07,181,S3,L1,R3,1,15,2575,1437086.94
2018-07,182,S3,L1,R1,1,15,2651,1450292.34
2018-07,183,S1,L3,R1,1,15,2191,1194334.38
2018-07,184,S1,L2,R2,1,14,1943,1373268.75
2018-07,185,S1,L1,R3,1,16,1929,1310850.0
2018-07,186,S2,L5,R2,1,14,1080,733097.55
2018-07,187,S1,L1,R1,1,14,1610,1024940.16
2018-07,188,S3,L2,R1,1,14,2335,1717228.8
2018-07,189,S2,L3,R3,1,15,1361,986879.88
2018-07,190,S3,L3,R1,1,15,2695,1421282.04
2018-07,191,S3,L1,R1,1,14,2333,1259871.42
2018-07,192,S1,L1,R3,1,15,2355,1600038.0
2018-07,193,S2,L3,R4,1,15,1355,969511.8
2018-07,194,S1,L1,R2,1,15,2223,1398064.05
2018-07,195,S4,L1,R1,1,15,3548,1892848.8
2018-07,196,S1,L1,R3,1,15,1832,1373835.3
2018-07,197,S2,L5,R1,1,15,1548,964414.05
2018-07,198,S4,L2,R3,1,15,3521,2233716.0
2018-07,199,S1,L1,R4,1,14,1580,1036702.8
2018-07,200,S2,L1,R2,1,14,1384,1086428.55
2018-07,201,S4,L1,R1,1,15,4161,2144167.35
2018-07,202,S4,L2,R2,1,15,2976,1877767.29
2018-07,203,S2,L4,R2,1,14,1369,830814.48
2018-07,204,S4,L1,R3,1,15,2925,1652558.28
2018-07,205,S1,L1,R2,1,15,2297,1421986.26
2018-07,206,S1,L1,R1,1,14,2436,1584684.45
2018-07,207,S1,L1,R3,1,14,1885,1309842.0
2018-07,208,S3,L1,R1,1,14,2270,1253092.68
2018-07,209,S1,L1,R1,1,15,1971,1307514.72
2018-07,210,S1,L5,R1,1,15,1801,977073.72
2018-07,211,S4,L2,R1,1,15,3978,2210266.8
2018-07,212,S4,L2,R3,1,17,3362,1916138.1
2018-07,213,S1,L1,R2,1,14,2222,1322503.44
2018-07,214,S1,L1,R4,1,15,1887,1280000.4
2018-07,215,S3,L2,R1,1,15,2475,1687431.0
2018-07,216,S2,L5,R1,1,15,1280,727410.0
2018-07,217,S4,L1,R1,1,15,2739,1525878.0
2018-07,218,S1,L3,R2,1,14,1600,921985.92
2018-07,219,S4,L2,R1,1,15,4532,2301254.55
2018-07,220,S2,L4,R3,1,14,1378,901032.0
2018-07,221,S1,L1,R2,1,14,1920,1151504.88
2018-07,222,S4,L2,R2,1,17,3253,1749626.58
2018-07,223,S2,L5,R2,1,15,1488,903996.0
2018-07,224,S1,L2,R2,1,14,2239,1525250.28
2018-07,225,S1,L1,R1,1,15,1952,1224711.0
2018-07,226,S2,L5,R4,1,15,1316,844145.64
2018-07,227,S4,L2,R1,1,14,2534,1538475.9
2018-07,228,S1,L1,R1,1,15,1861,1196949.96
2018-07,229,S1,L1,R2,1,14,2121,1232208.0
2018-07,230,S2,L4,R4,1,14,1083,741762.0
2018-07,231,S4,L2,R3,1,15,3343,1886247.24
2018-07,232,S1,L1,R4,1,14,1807,1158945.12
2018-07,233,S1,L3,R3,1,15,2018,1271041.05
2018-07,234,S2,L4,R2,1,14,1239,830424.3
2018-07,235,S1,L1,R3,1,14,1759,1255922.85
2018-07,236,S1,L1,R3,1,14,1926,1247977.62
2018-07,237,S2,L3,R3,1,15,1270,951917.85
2018-07,238,S1,L1,R2,1,14,1498,1031227.38
2018-07,239,S3,L1,R3,1,15,2562,1631714.28
2018-07,240,S3,L2,R3,1,15,2871,1837186.26
2018-07,241,S1,L1,R4,1,15,2082,1477329.45
2018-07,242,S4,L1,R1,1,15,3281,1715551.14
2018-07,243,S4,L2,R2,1,14,2563,1746294.6
2018-07,244,S2,L5,R4,1,15,1564,950578.86
2018-07,245,S4,L1,R2,1,14,2644,1508385.3
2018-07,246,S3,L1,R3,1,15,2653,1722894.0
2018-07,247,S1,L1,R3,1,15,1977,1381364.88
2018-07,248,S1,L1,R2,1,15,1667,1142184.0
2018-07,249,S1,L3,R2,1,15,2049,1142587.8
2018-07,250,S2,L3,R4,1,14,1385,945486.9
2018-07,251,S2,L3,R1,1,15,1596,1080277.8
2018-07,252,S3,L2,R1,1,15,2683,1794781.02
2018-07,253,S4,L2,R1,1,15,3504,2113240.32
2018-07,254,S4,L1,R1,1,15,2813,1665669.0
2018-07,255,S3,L2,R4,1,15,2470,1703051.76
2018-07,256,S1,L2,R4,1,14,2195,1618894.83
2018-07,257,S1,L3,R1,1,15,1898,1101047.94
2018-07,258,S2,L4,R4,1,15,1312,882853.68
2018-07,259,S4,L1,R1,1,14,2547,1322160.06
2018-07,260,S1,L1,R4,1,15,1951,1264510.95
2018-07,261,S4,L2,R1,1,15,2672,1598599.5
2018-07,262,S1,L1,R1,1,15,2041,1392313.02
2018-07,263,S1,L5,R1,1,15,1996,1026932.04
2018-07,264,S3,L1,R3,1,15,2473,1583298.9
2018-07,265,S2,L4,R2,1,14,1572,963032.1
2018-07,266,S1,L1,R4,1,14,1699,1073590.2
2018-07,267,S4,L2,R1,1,14,2143,1290736.26
2018-07,268,S1,L2,R1,1,15,2437,1712106.0
2018-07,269,S1,L4,R1,1,14,1702,934599.96
2018-07,270,S1,L1,R2,1,15,1753,1152264.0
2018-07,271,S1,L3,R2,1,15,2295,1277970.48
2018-07,272,S2,L4,R2,1,15,1416,857856.0
2018-07,273,S2,L3,R4,1,15,1162,872845.68
2018-07,274,S4,L2,R4,1,15,3099,2005251.0
2018-07,275,S4,L1,R1,1,15,2657,1543564.38
2018-07,276,S1,L1,R2,1,15,2200,1339264.92
2018-07,277,S1,L3,R1,1,15,2225,1245400.8
2018-07,278,S4,L1,R4,1,15,3638,2029598.94
2018-07,279,S2,L3,R2,1,14,1389,897164.52
2018-07,280,S4,L2,R2,1,15,4265,2379964.38
2018-07,281,S1,L4,R1,1,15,1880,997986.12
2018-07,282,S1,L2,R2,1,15,2204,1698993.21
2018-07,283,S4,L1,R1,1,15,3286,1733745.12
2018-07,284,S4,L2,R3,1,15,2879,1799924.25
2018-07,285,S1,L3,R3,1,15,1661,1072371.0
2018-07,286,S4,L2,R4,1,20,3589,2126703.0
2018-07,287,S1,L4,R1,1,15,2169,1128273.96
2018-07,288,S3,L2,R3,1,15,2772,1809777.0
2018-07,289,S2,L5,R2,1,15,1371,840664.8
2018-07,290,S1,L1,R3,1,14,1818,1139108.64
2018-07,291,S1,L3,R1,1,14,2073,1100036.43
2018-07,292,S1,L1,R1,1,14,1636,1068155.46
2018-07,293,S2,L4,R2,1,15,1249,839838.36
2018-07,294,S4,L2,R2,1,15,4313,2482112.94
2018-07,295,S1,L1,R1,1,14,1690,1133814.0
2018-07,296,S1,L1,R1,1,14,1939,1149169.08
2018-07,297,S2,L3,R4,1,15,1656,1054710.0
2018-07,298,S4,L1,R1,1,15,4470,2139462.0
2018-07,299,S1,L1,R3,1,15,1965,1421023.92
2018-07,300,S2,L5,R2,1,15,1167,697181.76
2018-07,301,S1,L3,R2,1,14,1809,1044888.42
2018-07,302,S1,L4,R2,1,15,1839,1010490.93
2018-07,303,S4,L2,R1,1,15,4223,2227468.71
2018-07,304,S1,L1,R4,1,15,2033,1287705.0
2018-07,305,S4,L1,R1,1,15,3230,1778502.63
2018-07,306,S1,L3,R2,1,15,1733,1118956.44
2018-07,307,S1,L5,R2,1,15,1613,862386.96
2018-07,308,S4,L2,R3,1,15,3075,1842501.78
2018-07,309,S1,L5,R1,1,15,2312,1139053.5
2018-07,310,S2,L5,R1,1,15,1448,813591.0
2018-07,311,S4,L2,R2,1,16,3359,1885508.76
2018-07,312,S4,L2,R1,1,14,5022,2600886.3
2018-07,313,S1,L3,R1,1,14,1620,938142.0
2018-07,314,S1,L1,R2,1,15,2270,1423073.1
2018-07,315,S4,L2,R1,1,15,4433,2379612.78
2018-07,316,S4,L2,R1,1,15,2898,1874854.92
2018-07,317,S3,L1,R1,1,15,2458,1333721.52
2018-07,318,S1,L3,R2,1,14,1819,1059864.6
2018-07,319,S3,L1,R2,1,15,2781,1794970.86
2018-07,320,S2,L3,R2,1,15,1671,1077335.82
2018-07,321,S3,L1,R2,1,15,2635,1598430.48
2018-07,322,S2,L3,R4,1,15,1465,1026860.04
2018-07,323,S1,L4,R1,1,15,1725,974702.58
2018-07,324,S1,L2,R3,1,15,2489,1933089.12
2018-07,325,S3,L1,R2,1,14,2101,1317594.66
2018-07,326,S3,L1,R1,1,15,2637,1595433.0
2018-07,327,S4,L1,R3,1,15,3314,1793759.34
2018-07,328,S1,L3,R1,1,14,1463,909549.12
2018-07,329,S4,L2,R3,1,15,3213,2110965.0
2018-07,330,S4,L2,R1,1,15,3033,1700097.0
2018-07,331,S1,L1,R4,1,14,1784,1174995.96
2018-07,332,S2,L5,R1,1,15,1570,928268.1
2018-07,333,S1,L1,R3,1,15,1774,1277664.12
2018-07,334,S3,L2,R2,1,14,2624,1746471.0
2018-07,335,S1,L1,R3,1,15,2586,1615035.0
2018-07,336,S4,L2,R1,1,15,4424,2457507.9
2018-07,337,S4,L2,R1,1,14,5448,2916385.68
2018-07,338,S4,L2,R1,1,15,3586,2231654.67
2018-07,339,S4,L2,R1,1,15,3940,2178357.15
2018-07,340,S4,L2,R3,1,15,3117,1946526.48
2018-07,341,S1,L1,R2,1,14,2133,1252869.72
2018-07,342,S4,L1,R1,1,15,3335,1787681.25
2018-07,343,S1,L1,R2,1,15,1972,1460043.0
2018-07,344,S1,L5,R1,1,14,2033,995430.69
2018-07,345,S1,L1,R3,1,15,1926,1474250.58
2018-07,346,S4,L1,R1,1,15,3403,1837698.9
2018-07,347,S1,L1,R1,1,15,2142,1397541.24
2018-07,348,S3,L1,R1,1,15,2686,1531435.44
2018-07,349,S1,L1,R4,1,15,2284,1459188.24
2018-07,350,S1,L3,R2,1,15,2099,1278027.54
2018-07,351,S1,L4,R3,1,15,1828,1084109.7
2018-07,352,S4,L1,R1,1,15,2579,1503120.0
2018-07,353,S1,L3,R3,1,15,1782,1137689.52
2018-07,354,S4,L2,R1,1,14,3779,2310336.0
2018-07,355,S2,L4,R2,1,14,1277,856906.44
2018-07,356,S3,L3,R1,1,15,2908,1528528.05
2018-07,357,S4,L1,R1,1,10,2725,1540573.29
2018-07,358,S3,L1,R1,1,14,2348,1410677.16
2018-07,359,S2,L3,R2,1,15,1476,1079144.4
2018-07,360,S2,L1,R1,1,14,1454,995141.88
2018-07,361,S1,L3,R1,1,15,2034,1208774.58
2018-07,362,S1,L3,R3,1,15,2133,1268415.33
2018-07,363,S1,L1,R2,1,14,2218,1302867.51
2018-07,364,S2,L3,R2,1,14,1485,950907.75
2018-07,365,S2,L1,R2,1,15,1532,1024575.06
2018-08,1,S1,L3,R1,5,15,1813,1014235.98
2018-08,2,S3,L1,R3,5,16,2210,1274178.66
2018-08,3,S4,L2,R1,5,15,3262,1677205.08
2018-08,4,S1,L1,R2,5,16,1955,1095832.08
2018-08,5,S1,L1,R3,5,15,1978,1187372.64
2018-08,6,S4,L1,R1,5,15,2508,1370964.57
2018-08,7,S3,L1,R3,5,15,2243,1310984.4
2018-08,8,S4,L2,R2,5,14,2767,1603304.58
2018-08,9,S1,L1,R1,5,17,1570,994030.8
2018-08,10,S4,L2,R3,5,16,2603,1649038.29
2018-08,11,S4,L2,R1,5,16,3291,1858431.93
2018-08,12,S1,L3,R2,5,16,1482,831466.05
2018-08,13,S3,L3,R1,5,17,2184,1107283.2
2018-08,14,S3,L2,R4,5,16,2264,1591181.55
2018-08,15,S4,L2,R1,5,14,3482,1958217.27
2018-08,16,S1,L3,R1,5,16,1957,1043684.58
2018-08,17,S1,L1,R2,5,14,2215,1206039.63
2018-08,18,S4,L1,R1,5,15,2916,1561505.46
2018-08,19,S1,L1,R3,5,14,1670,1186711.56
2018-08,20,S1,L1,R1,5,14,1460,1069927.26
2018-08,21,S3,L2,R4,5,15,2214,1378708.92
2018-08,22,S1,L1,R4,5,15,1634,1203397.41
2018-08,23,S1,L1,R4,5,14,1704,1154949.9
2018-08,24,S1,L1,R2,5,15,1733,1031726.01
2018-08,25,S1,L3,R1,5,17,1837,1010759.19
2018-08,26,S1,L1,R3,5,15,1960,1238268.81
2018-08,27,S1,L3,R3,5,16,1295,839266.68
2018-08,28,S3,L2,R3,5,16,2308,1535864.16
2018-08,29,S1,L4,R2,5,14,1550,899191.89
2018-08,30,S1,L2,R2,5,15,2060,1340109.15
2018-08,31,S1,L5,R2,5,16,1521,802677.06
2018-08,32,S1,L1,R2,5,14,1875,1249649.31
2018-08,33,S4,L2,R4,5,16,2479,1555503.87
2018-08,34,S1,L3,R1,5,17,1869,997882.38
2018-08,35,S1,L1,R2,5,14,1965,1152193.59
2018-08,36,S1,L3,R4,5,16,1581,941014.6799999999
2018-08,37,S1,L3,R3,5,16,1468,947024.16
2018-08,38,S1,L3,R2,5,14,1560,989120.58
2018-08,39,S4,L1,R1,5,16,3181,1578442.11
2018-08,40,S1,L1,R4,5,14,1833,1280132.97
2018-08,41,S1,L1,R2,5,15,2013,1269392.97
2018-08,42,S1,L4,R3,5,16,1485,853456.95
2018-08,43,S1,L1,R2,5,16,1570,972487.83
2018-08,44,S1,L3,R2,5,14,2207,1188160.92
2018-08,45,S3,L1,R1,5,15,2282,1277661.06
2018-08,46,S2,L1,R2,5,14,1552,1102920.51
2018-08,47,S4,L2,R2,5,14,3063,1710604.8
2018-08,48,S1,L1,R2,5,14,1633,1117070.67
2018-08,49,S4,L1,R2,5,15,3055,1622841.6
2018-08,50,S3,L2,R4,5,16,2268,1447023.81
2018-08,51,S1,L1,R2,5,14,1584,1031322.33
2018-08,52,S1,L1,R3,5,16,1979,1268772.66
2018-08,53,S3,L1,R2,5,15,2170,1279757.85
2018-08,54,S1,L2,R3,5,15,1708,1244990.79
2018-08,55,S1,L1,R2,5,14,2020,1199558.88
2018-08,56,S2,L5,R3,5,14,1366,803323.71
2018-08,57,S4,L1,R1,5,16,2411,1226904.06
2018-08,58,S1,L1,R1,5,16,1820,1116913.68
2018-08,59,S1,L3,R1,5,16,1723,997880.64
2018-08,60,S1,L5,R2,5,16,1373,759521.7
2018-08,61,S1,L1,R3,5,14,2149,1284272.94
2018-08,62,S2,L5,R1,5,14,1215,729840.0
2018-08,63,S1,L1,R2,5,14,2120,1326366.33
2018-08,64,S3,L1,R2,5,14,2319,1355140.62
2018-08,65,S1,L2,R2,5,14,2087,1463012.64
2018-08,66,S3,L3,R3,5,15,2078,1093455.51
2018-08,67,S2,L5,R1,5,15,1019,578829.93
2018-08,68,S1,L2,R4,5,16,1982,1373995.08
2018-08,69,S1,L1,R4,5,14,1697,1043194.83
2018-08,70,S1,L1,R3,5,16,1953,1218334.02
2018-08,71,S2,L5,R1,5,16,1044,638265.09
2018-08,72,S1,L2,R3,5,16,2083,1402134.54
2018-08,73,S3,L2,R4,5,16,2202,1527583.02
2018-08,74,S3,L1,R2,5,15,2283,1348295.28
2018-08,75,S3,L2,R3,5,16,2260,1479336.87
2018-08,76,S2,L3,R3,5,14,1337,903714.81
2018-08,77,S2,L5,R3,5,16,920,590859.3
2018-08,78,S1,L1,R4,5,15,1533,1010743.65
2018-08,79,S2,L5,R4,5,15,1086,698027.46
2018-08,80,S1,L1,R1,5,16,1707,1024938.5700000001
2018-08,81,S3,L2,R1,5,15,2080,1420911.54
2018-08,82,S4,L2,R1,5,15,3241,1704323.76
2018-08,83,S2,L5,R1,5,16,815,537277.14
2018-08,84,S1,L1,R3,5,16,1958,1174493.22
2018-08,85,S4,L2,R1,5,17,3860,2066762.6099999999
2018-08,86,S1,L1,R4,5,14,1547,1007660.49
2018-08,87,S4,L2,R3,5,16,2925,2038017.66
2018-08,88,S2,L5,R2,5,14,1155,714389.52
2018-08,89,S1,L4,R1,5,16,1577,870141.54
2018-08,90,S1,L1,R3,5,15,1865,1123327.95
2018-08,91,S3,L1,R1,5,14,2529,1517502.93
2018-08,92,S1,L4,R2,5,16,1511,816531.78
2018-08,93,S1,L1,R4,5,17,1591,1060447.53
2018-08,94,S4,L2,R2,5,14,2709,1616642.79
2018-08,95,S3,L1,R1,5,17,2026,1083871.95
2018-08,96,S3,L1,R3,5,15,2321,1347197.76
2018-08,97,S4,L1,R1,5,15,2904,1556927.79
2018-08,98,S2,L5,R2,5,15,1023,662256.96
2018-08,99,S1,L1,R3,5,16,2060,1184643.45
2018-08,100,S1,L1,R2,5,15,1695,1055338.47
2018-08,101,S1,L4,R3,5,14,1413,821019.9
2018-08,102,S4,L2,R1,5,16,2664,1589846.67
2018-08,103,S1,L3,R3,5,16,1721,996591.57
2018-08,104,S1,L1,R2,5,14,1878,1084672.35
2018-08,105,S4,L2,R1,5,15,2546,1478811.54
2018-08,106,S1,L1,R4,5,16,1850,1128838.98
2018-08,107,S1,L3,R3,5,15,1697,978503.0700000001
2018-08,108,S1,L1,R4,5,16,1944,1290771.72
2018-08,109,S1,L1,R1,5,16,2057,1228710.96
2018-08,110,S2,L3,R3,5,16,1371,909427.92
2018-08,111,S1,L1,R2,5,16,1930,1229347.05
2018-08,112,S1,L1,R3,5,16,1717,1013395.59
2018-08,113,S2,L3,R3,5,15,1208,835055.28
2018-08,114,S3,L1,R4,5,16,2165,1331307.69
2018-08,115,S4,L2,R1,5,15,3529,1825131.57
2018-08,116,S2,L3,R3,5,17,1228,831336.03
2018-08,117,S1,L1,R3,5,16,1597,1052737.2
2018-08,118,S2,L1,R4,5,17,1429,1009620.12
2018-08,119,S1,L1,R3,5,16,1987,1183736.97
2018-08,120,S3,L2,R2,5,17,2237,1581158.94
2018-08,121,S1,L1,R4,5,16,1948,1290007.74
2018-08,122,S1,L1,R2,5,15,1686,1139436.42
2018-08,123,S4,L2,R3,5,16,2347,1520022.21
2018-08,124,S3,L2,R3,5,16,2282,1514260.5
2018-08,125,S4,L2,R1,5,15,3072,1667882.25
2018-08,126,S4,L2,R2,5,16,4201,2563481.7
2018-08,127,S4,L2,R2,5,16,2997,1758148.2
2018-08,128,S1,L2,R2,5,16,1805,1181131.74
2018-08,129,S3,L1,R1,5,16,2198,1208768.13
2018-08,130,S1,L1,R3,5,14,1795,1063884.9
2018-08,131,S4,L2,R1,5,15,3888,2025896.34
2018-08,132,S1,L1,R3,5,16,1922,1232807.85
2018-08,133,S1,L1,R4,5,16,1938,1131330.36
2018-08,134,S1,L4,R1,5,16,1483,861672.06
2018-08,135,S1,L1,R4,5,16,1605,1113162.3599999999
2018-08,136,S2,L5,R4,5,14,1030,695791.14
2018-08,137,S4,L1,R1,5,16,2487,1338102.51
2018-08,138,S1,L1,R1,5,17,1739,1018840.35
2018-08,139,S4,L2,R2,5,15,3061,1781309.28
2018-08,140,S4,L1,R1,5,14,2510,1492259.97
2018-08,141,S1,L1,R2,5,14,1833,1198564.53
2018-08,142,S2,L1,R3,5,14,1380,927229.6799999999
2018-08,143,S3,L2,R3,5,14,2486,1729131.42
2018-08,144,S1,L3,R3,5,17,1900,1070792.43
2018-08,145,S1,L3,R1,5,16,1981,1070382.84
2018-08,146,S4,L2,R1,5,15,4713,2432264.64
2018-08,147,S4,L2,R4,5,17,3119,1693500.81
2018-08,148,S1,L1,R2,5,15,1411,934194.87
2018-08,149,S2,L3,R2,5,15,1367,850073.22
2018-08,150,S4,L2,R1,5,15,3435,1875756.21
2018-08,151,S1,L3,R2,5,17,1387,867211.8
2018-08,152,S2,L1,R1,5,14,1489,1077265.08
2018-08,153,S4,L2,R1,5,15,4151,2311080.06
2018-08,154,S1,L3,R2,5,16,1925,1036318.14
2018-08,155,S3,L1,R2,5,15,2079,1283839.71
2018-08,156,S1,L1,R3,5,16,1924,1238823.84
2018-08,157,S4,L2,R1,5,14,3466,1835188.11
2018-08,158,S4,L2,R2,5,14,3832,1926352.62
2018-08,159,S2,L1,R3,5,14,1331,945879.87
2018-08,160,S4,L2,R1,5,15,4741,2414705.52
2018-08,161,S1,L1,R3,5,16,1473,1074557.22
2018-08,162,S4,L1,R2,5,16,2612,1492028.16
2018-08,163,S1,L2,R3,5,16,2068,1420015.38
2018-08,164,S1,L1,R3,5,15,1575,1035050.88
2018-08,165,S1,L1,R2,5,14,1978,1159016.01
2018-08,166,S1,L1,R2,5,14,1749,1148588.58
2018-08,167,S1,L1,R2,5,15,1631,957299.34
2018-08,168,S2,L3,R3,5,16,1320,874379.88
2018-08,169,S1,L2,R4,5,14,2094,1439756.19
2018-08,170,S1,L1,R2,5,14,1897,1315360.98
2018-08,171,S4,L2,R3,5,16,2736,1596846.3
2018-08,172,S1,L1,R1,5,17,1977,1155102.93
2018-08,173,S4,L2,R1,5,14,3749,2225520.78
2018-08,174,S1,L1,R4,5,14,1660,1082800.5
2018-08,175,S4,L2,R1,5,16,5319,2832725.88
2018-08,176,S4,L2,R3,5,16,3184,1940258.49
2018-08,177,S2,L1,R4,5,14,1462,1019235.48
2018-08,178,S3,L2,R3,5,15,2135,1354824.6
2018-08,179,S1,L1,R2,5,17,1971,1255936.26
2018-08,180,S1,L3,R2,5,14,1477,923160.6
2018-08,181,S3,L1,R3,5,16,2244,1217231.7
2018-08,182,S3,L1,R1,5,17,2116,1141920.12
2018-08,183,S1,L3,R1,5,16,2092,1136555.52
2018-08,184,S1,L2,R2,5,14,1971,1379726.43
2018-08,185,S1,L1,R3,5,17,1702,1120747.47
2018-08,186,S2,L5,R2,5,14,1044,698579.13
2018-08,187,S1,L1,R1,5,14,1597,1010396.1
2018-08,188,S3,L2,R1,5,14,2328,1680200.88
2018-08,189,S2,L3,R3,5,17,1174,817407.72
2018-08,190,S3,L3,R1,5,16,2301,1173843.45
2018-08,191,S3,L1,R1,5,14,2289,1243823.7
2018-08,192,S1,L1,R3,5,15,1868,1202663.16
2018-08,193,S2,L3,R4,5,15,1185,804640.29
2018-08,194,S1,L1,R2,5,15,1921,1177692.93
2018-08,195,S4,L1,R1,5,17,3113,1612466.07
2018-08,196,S1,L1,R3,5,17,1545,1138437.21
2018-08,197,S2,L5,R1,5,15,1265,748178.73
2018-08,198,S4,L2,R3,5,16,2927,1769474.25
2018-08,199,S1,L1,R4,5,14,1576,1030463.61
2018-08,200,S2,L1,R2,5,14,1446,1125309.48
2018-08,201,S4,L1,R1,5,15,3150,1583443.89
2018-08,202,S4,L2,R2,5,16,2463,1486052.22
2018-08,203,S2,L4,R2,5,14,1368,826453.62
2018-08,204,S4,L1,R3,5,16,2539,1402110.0
2018-08,205,S1,L1,R2,5,16,1943,1174788.42
2018-08,206,S1,L1,R1,5,14,2401,1541207.4
2018-08,207,S1,L1,R3,5,14,1911,1321789.32
2018-08,208,S3,L1,R1,5,14,2328,1287563.04
2018-08,209,S1,L1,R1,5,16,1588,1002771.72
2018-08,210,S1,L5,R1,5,16,1501,789617.94
2018-08,211,S4,L2,R1,5,15,3090,1641662.61
2018-08,212,S4,L2,R3,5,11,2989,1686536.46
2018-08,213,S1,L1,R2,5,14,2188,1296195.72
2018-08,214,S1,L1,R4,5,16,1537,1006223.31
2018-08,215,S3,L2,R1,5,16,2260,1461840.09
2018-08,216,S2,L5,R1,5,15,1254,693983.13
2018-08,217,S4,L1,R1,5,17,2367,1299040.68
2018-08,218,S1,L3,R2,5,14,1582,912607.83
2018-08,219,S4,L2,R1,5,15,3756,1851684.96
2018-08,220,S2,L4,R3,5,14,1282,830134.11
2018-08,221,S1,L1,R2,5,14,1870,1118041.95
2018-08,222,S4,L2,R2,5,16,3152,1694068.59
2018-08,223,S2,L5,R2,5,16,1302,767732.28
2018-08,224,S1,L2,R2,5,14,2167,1473593.4
2018-08,225,S1,L1,R1,5,16,1680,1039020.72
2018-08,226,S2,L5,R4,5,16,1076,656343.3
2018-08,227,S4,L2,R1,5,14,2531,1548933.18
2018-08,228,S1,L1,R1,5,16,1593,996172.11
2018-08,229,S1,L1,R2,5,14,2151,1250307.21
2018-08,230,S2,L4,R4,5,14,1114,757664.52
2018-08,231,S4,L2,R3,5,16,3006,1651028.01
2018-08,232,S1,L1,R4,5,14,1800,1131572.58
2018-08,233,S1,L3,R3,5,16,1726,1055956.14
2018-08,234,S2,L4,R2,5,14,1258,852595.47
2018-08,235,S1,L1,R3,5,14,1751,1242194.16
2018-08,236,S1,L1,R3,5,14,1881,1221491.73
2018-08,237,S2,L3,R3,5,17,1063,770079.78
2018-08,238,S1,L1,R2,5,14,1518,1025840.31
2018-08,239,S3,L1,R3,5,15,2085,1264086.72
2018-08,240,S3,L2,R3,5,15,2250,1370827.2
2018-08,241,S1,L1,R4,5,15,1837,1252037.4
2018-08,242,S4,L1,R1,5,16,2848,1444816.8
2018-08,243,S4,L2,R2,5,14,2605,1744025.55
2018-08,244,S2,L5,R4,5,16,1270,742260.78
2018-08,245,S4,L1,R2,5,14,2680,1512636.42
2018-08,246,S3,L1,R3,5,16,2122,1329731.22
2018-08,247,S1,L1,R3,5,15,1652,1092434.46
2018-08,248,S1,L1,R2,5,16,1495,981223.62
2018-08,249,S1,L3,R2,5,16,1734,932968.32
2018-08,250,S2,L3,R4,5,14,1361,924720.36
2018-08,251,S2,L3,R1,5,16,1416,921260.28
2018-08,252,S3,L2,R1,5,16,2290,1448648.7
2018-08,253,S4,L2,R1,5,15,2759,1528657.68
2018-08,254,S4,L1,R1,5,16,2425,1400619.3
2018-08,255,S3,L2,R4,5,17,2205,1459882.71
2018-08,256,S1,L2,R4,5,14,2168,1576749.33
2018-08,257,S1,L3,R1,5,17,1698,967026.51
2018-08,258,S2,L4,R4,5,17,1176,754466.25
2018-08,259,S4,L1,R1,5,14,2544,1310696.4
2018-08,260,S1,L1,R4,5,16,1666,1039105.23
2018-08,261,S4,L2,R1,5,16,2341,1332113.73
2018-08,262,S1,L1,R1,5,16,1860,1217775.6
2018-08,263,S1,L5,R1,5,16,1677,840120.21
2018-08,264,S3,L1,R3,5,16,2080,1304912.25
2018-08,265,S2,L4,R2,5,14,1532,924631.2
2018-08,266,S1,L1,R4,5,14,1729,1077019.68
2018-08,267,S4,L2,R1,5,14,2876,1755174.15
2018-08,268,S1,L2,R1,5,15,1881,1246141.62
2018-08,269,S1,L4,R1,5,14,1642,905185.41
2018-08,270,S1,L1,R2,5,16,1508,935339.73
2018-08,271,S1,L3,R2,5,16,2005,1078905.99
2018-08,272,S2,L4,R2,5,16,1371,811720.44
2018-08,273,S2,L3,R4,5,17,1075,769655.13
2018-08,274,S4,L2,R4,5,16,2595,1621553.64
2018-08,275,S4,L1,R1,5,17,2426,1356388.41
2018-08,276,S1,L1,R2,5,16,2028,1183622.07
2018-08,277,S1,L3,R1,5,15,1771,950604.3
2018-08,278,S4,L1,R4,5,15,2933,1594136.49
2018-08,279,S2,L3,R2,5,14,1337,852395.04
2018-08,280,S4,L2,R2,5,15,3205,1701387.3
2018-08,281,S1,L4,R1,5,17,1918,993314.31
2018-08,282,S1,L2,R2,5,15,1923,1419920.4
2018-08,283,S4,L1,R1,5,16,2624,1344099.09
2018-08,284,S4,L2,R3,5,16,2316,1402973.79
2018-08,285,S1,L3,R3,5,16,1397,871331.94
2018-08,286,S4,L2,R4,5,14,3241,1833063.09
2018-08,287,S1,L4,R1,5,16,1933,976293.66
2018-08,288,S3,L2,R3,5,15,2324,1447306.83
2018-08,289,S2,L5,R2,5,16,1142,667308.39
2018-08,290,S1,L1,R3,5,14,1794,1106066.7
2018-08,291,S1,L3,R1,5,14,2041,1073150.79
2018-08,292,S1,L1,R1,5,14,1678,1098218.46
2018-08,293,S2,L4,R2,5,15,1076,701902.23
2018-08,294,S4,L2,R2,5,15,3394,1891201.08
2018-08,295,S1,L1,R1,5,14,1690,1119283.92
2018-08,296,S1,L1,R1,5,14,1900,1119734.34
2018-08,297,S2,L3,R4,5,16,1374,857412.36
2018-08,298,S4,L1,R1,5,17,3490,1645904.97
2018-08,299,S1,L1,R3,5,16,1726,1199233.98
2018-08,300,S2,L5,R2,5,17,1180,698157.3
2018-08,301,S1,L3,R2,5,14,1761,1011088.23
2018-08,302,S1,L4,R2,5,16,1634,870641.7
2018-08,303,S4,L2,R1,5,17,3458,1792135.29
2018-08,304,S1,L1,R4,5,15,1630,983654.7
2018-08,305,S4,L1,R1,5,16,2825,1500786.12
2018-08,306,S1,L3,R2,5,16,1511,919351.59
2018-08,307,S1,L5,R2,5,17,1511,783817.56
2018-08,308,S4,L2,R3,5,16,2651,1539257.7
2018-08,309,S1,L5,R1,5,17,2052,990716.0700000001
2018-08,310,S2,L5,R1,5,15,1186,645833.43
2018-08,311,S4,L2,R2,5,17,3118,1711696.35
2018-08,312,S4,L2,R1,5,14,5038,2608032.63
2018-08,313,S1,L3,R1,5,14,1588,927750.81
2018-08,314,S1,L1,R2,5,15,2029,1212653.6400000001
2018-08,315,S4,L2,R1,5,16,3654,1878417.36
2018-08,316,S4,L2,R1,5,17,2394,1503502.95
2018-08,317,S3,L1,R1,5,16,2157,1117539.3
2018-08,318,S1,L3,R2,5,14,1779,1026359.34
2018-08,319,S3,L1,R2,5,16,2198,1353586.32
2018-08,320,S2,L3,R2,5,16,1435,898480.47
2018-08,321,S3,L1,R2,5,16,2171,1268640.9
2018-08,322,S2,L3,R4,5,15,1227,832628.34
2018-08,323,S1,L4,R1,5,17,1686,923993.25
2018-08,324,S1,L2,R3,5,16,2019,1472761.08
2018-08,325,S3,L1,R2,5,14,2122,1304765.76
2018-08,326,S3,L1,R1,5,16,2244,1318356.03
2018-08,327,S4,L1,R3,5,16,2833,1470727.02
2018-08,328,S1,L3,R1,5,14,1433,882559.65
2018-08,329,S4,L2,R3,5,15,2450,1558738.47
2018-08,330,S4,L2,R1,5,16,3415,1885323.63
2018-08,331,S1,L1,R4,5,14,1781,1163675.19
2018-08,332,S2,L5,R1,5,16,1356,780960.39
2018-08,333,S1,L1,R3,5,16,1488,1017092.82
2018-08,334,S3,L2,R2,5,14,2623,1756836.06
2018-08,335,S1,L1,R3,5,16,1929,1148226.99
2018-08,336,S4,L2,R1,5,16,3641,1973422.26
2018-08,337,S4,L2,R1,5,14,5506,2938845.12
2018-08,338,S4,L2,R1,5,16,2872,1695602.79
2018-08,339,S4,L2,R1,5,16,3117,1673720.82
2018-08,340,S4,L2,R3,5,16,2679,1603218.96
2018-08,341,S1,L1,R2,5,14,2085,1213890.57
2018-08,342,S4,L1,R1,5,17,2758,1434615.6
2018-08,343,S1,L1,R2,5,15,1642,1131874.95
2018-08,344,S1,L5,R1,5,14,2002,982837.74
2018-08,345,S1,L1,R3,5,15,1581,1157009.46
2018-08,346,S4,L1,R1,5,17,3173,1684043.46
2018-08,347,S1,L1,R1,5,16,1830,1144466.49
2018-08,348,S3,L1,R1,5,15,2221,1213066.98
2018-08,349,S1,L1,R4,5,16,1992,1238916.12
2018-08,350,S1,L3,R2,5,16,1754,1028813.25
2018-08,351,S1,L4,R3,5,16,1537,878023.35
2018-08,352,S4,L1,R1,5,15,2203,1244132.31
2018-08,353,S1,L3,R3,5,16,1494,929602.2
2018-08,354,S4,L2,R1,5,14,3805,2319575.49
2018-08,355,S2,L4,R2,5,14,1314,875791.65
2018-08,356,S3,L3,R1,5,15,2155,1114190.4
2018-08,357,S4,L1,R1,5,16,2870,1673581.29
2018-08,358,S3,L1,R1,5,14,2331,1389880.23
2018-08,359,S2,L3,R2,5,15,1248,877962.9
2018-08,360,S2,L1,R1,5,14,1430,977596.41
2018-08,361,S1,L3,R1,5,16,1750,992743.2
2018-08,362,S1,L3,R3,5,15,1685,950074.65
2018-08,363,S1,L1,R2,5,14,2242,1303463.82
2018-08,364,S2,L3,R2,5,14,1429,905658.8099999999
2018-08,365,S2,L1,R2,5,16,1284,845334.09
2018-09,1,S1,L3,R1,3,15,1722,973627.3200000001
2018-09,2,S3,L1,R3,3,15,2280,1334769.48
2018-09,3,S4,L2,R1,3,14,3422,1748894.55
2018-09,4,S1,L1,R2,3,15,1922,1100288.6400000001
2018-09,5,S1,L1,R3,3,14,2016,1211297.58
2018-09,6,S4,L1,R1,3,15,2474,1356197.28
2018-09,7,S3,L1,R3,3,15,2245,1308518.1
2018-09,8,S4,L2,R2,3,11,2641,1495306.08
2018-09,9,S1,L1,R1,3,15,1596,1015389.24
2018-09,10,S4,L2,R3,3,15,2581,1650017.76
2018-09,11,S4,L2,R1,3,15,3239,1863890.25
2018-09,12,S1,L3,R2,3,14,2111,1231609.59
2018-09,13,S3,L3,R1,3,15,2174,1118277.21
2018-09,14,S3,L2,R4,3,15,2288,1606372.2
2018-09,15,S4,L2,R1,3,14,3338,1847718.42
2018-09,16,S1,L3,R1,3,15,1895,1017698.04
2018-09,17,S1,L1,R2,3,14,2035,1135219.14
2018-09,18,S4,L1,R1,3,14,2882,1561716.54
2018-09,19,S1,L1,R3,3,14,1504,1072005.39
2018-09,20,S1,L1,R1,3,14,1662,1260920.07
2018-09,21,S3,L2,R4,3,14,2180,1379521.68
2018-09,22,S1,L1,R4,3,15,1712,1255027.23
2018-09,23,S1,L1,R4,3,14,1586,1074737.04
2018-09,24,S1,L1,R2,3,15,1723,1037425.05
2018-09,25,S1,L3,R1,3,15,1786,1012064.01
2018-09,26,S1,L1,R3,3,14,1975,1252531.2
2018-09,27,S1,L3,R3,3,15,1390,897663.09
2018-09,28,S3,L2,R3,3,15,2294,1541334.48
2018-09,29,S1,L4,R2,3,14,1531,907439.7
2018-09,30,S1,L2,R2,3,15,2177,1411997.43
2018-09,31,S1,L5,R2,3,15,1467,787963.83
2018-09,32,S1,L1,R2,3,14,1735,1172370.93
2018-09,33,S4,L2,R4,3,15,2608,1644025.26
2018-09,34,S1,L3,R1,3,15,1903,1032869.94
2018-09,35,S1,L1,R2,3,14,1924,1137906.87
2018-09,36,S1,L3,R4,3,15,1693,1012179.12
2018-09,37,S1,L3,R3,3,15,1467,949521.09
2018-09,38,S1,L3,R2,3,14,1407,898007.55
2018-09,39,S4,L1,R1,3,15,3189,1638941.76
2018-09,40,S1,L1,R4,3,14,1692,1190177.37
2018-09,41,S1,L1,R2,3,15,2001,1279354.23
2018-09,42,S1,L4,R3,3,15,1519,885150.03
2018-09,43,S1,L1,R2,3,15,1630,1032145.44
2018-09,44,S1,L3,R2,3,14,2095,1145930.97
2018-09,45,S3,L1,R1,3,15,2277,1297632.69
2018-09,46,S2,L1,R2,3,14,1442,1015840.53
2018-09,47,S4,L2,R2,3,14,2970,1653872.31
2018-09,48,S1,L1,R2,3,14,1577,1081966.05
2018-09,49,S4,L1,R2,3,15,3070,1638244.44
2018-09,50,S3,L2,R4,3,15,2231,1438035.42
2018-09,51,S1,L1,R2,3,14,1473,961556.97
2018-09,52,S1,L1,R3,3,15,1929,1244502.66
2018-09,53,S3,L1,R2,3,15,2201,1322205.99
2018-09,54,S1,L2,R3,3,15,1798,1313677.83
2018-09,55,S1,L1,R2,3,14,2037,1222633.59
2018-09,56,S2,L5,R3,3,14,1299,775917.06
2018-09,57,S4,L1,R1,3,15,2458,1261671.45
2018-09,58,S1,L1,R1,3,15,1755,1076202.06
2018-09,59,S1,L3,R1,3,15,1702,984045.84
2018-09,60,S1,L5,R2,3,15,1523,855553.17
2018-09,61,S1,L1,R3,3,14,2065,1236997.8900000001
2018-09,62,S2,L5,R1,3,14,1149,684264.93
2018-09,63,S1,L1,R2,3,14,2033,1275328.38
2018-09,64,S3,L1,R2,3,14,2142,1255464.81
2018-09,65,S1,L2,R2,3,14,1850,1312442.82
2018-09,66,S3,L3,R3,3,15,2147,1156291.47
2018-09,67,S2,L5,R1,3,15,1063,603893.58
2018-09,68,S1,L2,R4,3,15,1996,1378556.49
2018-09,69,S1,L1,R4,3,14,1631,990078.99
2018-09,70,S1,L1,R3,3,12,1644,984768.24
2018-09,71,S2,L5,R1,3,15,980,604241.4
2018-09,72,S1,L2,R3,3,15,2138,1475500.02
2018-09,73,S3,L2,R4,3,15,2180,1542553.32
2018-09,74,S3,L1,R2,3,15,2235,1336577.85
2018-09,75,S3,L2,R3,3,15,2346,1539979.08
2018-09,76,S2,L3,R3,3,14,1166,781604.85
2018-09,77,S2,L5,R3,3,15,942,609792.21
2018-09,78,S1,L1,R4,3,15,1547,1037311.26
2018-09,79,S2,L5,R4,3,15,1114,720915.3
2018-09,80,S1,L1,R1,3,15,1629,998968.38
2018-09,81,S3,L2,R1,3,15,2160,1457634.99
2018-09,82,S4,L2,R1,3,14,3379,1771625.49
2018-09,83,S2,L5,R1,3,15,800,536085.27
2018-09,84,S1,L1,R3,3,15,1888,1129313.94
2018-09,85,S4,L2,R1,3,15,3967,2147166.3
2018-09,86,S1,L1,R4,3,14,1477,954761.43
2018-09,87,S4,L2,R3,3,15,2957,2091052.62
2018-09,88,S2,L5,R2,3,14,1086,671420.58
2018-09,89,S1,L4,R1,3,15,1465,814226.25
2018-09,90,S1,L1,R3,3,15,1953,1190269.05
2018-09,91,S3,L1,R1,3,14,2450,1478727.9
2018-09,92,S1,L4,R2,3,15,1711,932821.05
2018-09,93,S1,L1,R4,3,15,1596,1054433.91
2018-09,94,S4,L2,R2,3,14,2540,1523530.59
2018-09,95,S3,L1,R1,3,15,2247,1208923.8
2018-09,96,S3,L1,R3,3,15,2428,1398276.48
2018-09,97,S4,L1,R1,3,15,2891,1595133.69
2018-09,98,S2,L5,R2,3,15,1036,673794.9
2018-09,99,S1,L1,R3,3,15,2015,1159179.9
2018-09,100,S1,L1,R2,3,15,1726,1069298.01
2018-09,101,S1,L4,R3,3,14,1397,814059.72
2018-09,102,S4,L2,R1,3,15,2816,1663951.65
2018-09,103,S1,L3,R3,3,15,1716,999885.0
2018-09,104,S1,L1,R2,3,14,1732,1018629.5700000001
2018-09,105,S4,L2,R1,3,14,2537,1474891.11
2018-09,106,S1,L1,R4,3,15,1715,1050718.89
2018-09,107,S1,L3,R3,3,15,1692,981038.16
2018-09,108,S1,L1,R4,3,15,1969,1297912.47
2018-09,109,S1,L1,R1,3,15,2176,1275712.35
2018-09,110,S2,L3,R3,3,15,1281,856073.88
2018-09,111,S1,L1,R2,3,15,1900,1198410.75
2018-09,112,S1,L1,R3,3,15,1659,995157.33
2018-09,113,S2,L3,R3,3,15,1219,829520.61
2018-09,114,S3,L1,R4,3,15,2179,1348792.5
2018-09,115,S4,L2,R1,3,14,3555,1867064.7
2018-09,116,S2,L3,R3,3,15,1277,862525.44
2018-09,117,S1,L1,R3,3,15,1626,1071896.76
2018-09,118,S2,L1,R4,3,15,1371,961033.8
2018-09,119,S1,L1,R3,3,15,1844,1113025.8
2018-09,120,S3,L2,R2,3,15,2248,1599236.25
2018-09,121,S1,L1,R4,3,15,1972,1318018.2
2018-09,122,S1,L1,R2,3,15,1672,1127148.21
2018-09,123,S4,L2,R3,3,15,2305,1517414.94
2018-09,124,S3,L2,R3,3,15,2374,1584689.6400000001
2018-09,125,S4,L2,R1,3,14,3056,1655454.03
2018-09,126,S4,L2,R2,3,15,4173,2557849.65
2018-09,127,S4,L2,R2,3,15,2936,1704275.13
2018-09,128,S1,L2,R2,3,15,1846,1225150.5
2018-09,129,S3,L1,R1,3,15,2139,1180486.35
2018-09,130,S1,L1,R3,3,14,1742,1042654.68
2018-09,131,S4,L2,R1,3,15,3699,1943470.02
2018-09,132,S1,L1,R3,3,15,2139,1360306.74
2018-09,133,S1,L1,R4,3,15,1865,1111502.34
2018-09,134,S1,L4,R1,3,15,1525,901603.32
2018-09,135,S1,L1,R4,3,15,1587,1103554.53
2018-09,136,S2,L5,R4,3,14,923,625707.66
2018-09,137,S4,L1,R1,3,15,2455,1347744.81
2018-09,138,S1,L1,R1,3,15,1708,1016889.5700000001
2018-09,139,S4,L2,R2,3,14,2934,1720425.0
2018-09,140,S4,L1,R1,3,14,2428,1458410.61
2018-09,141,S1,L1,R2,3,14,1657,1094257.8
2018-09,142,S2,L1,R3,3,14,1360,927399.48
2018-09,143,S3,L2,R3,3,14,2225,1565062.29
2018-09,144,S1,L3,R3,3,15,1821,1037417.25
2018-09,145,S1,L3,R1,3,15,1874,1025630.7
2018-09,146,S4,L2,R1,3,15,4653,2434804.8
2018-09,147,S4,L2,R4,3,15,3182,1739090.4
2018-09,148,S1,L1,R2,3,15,1434,950057.97
2018-09,149,S2,L3,R2,3,14,1366,852798.9
2018-09,150,S4,L2,R1,3,14,3410,1860824.16
2018-09,151,S1,L3,R2,3,15,1461,895545.54
2018-09,152,S2,L1,R1,3,14,1377,1000079.85
2018-09,153,S4,L2,R1,3,15,4244,2344327.02
2018-09,154,S1,L3,R2,3,15,2053,1100594.67
2018-09,155,S3,L1,R2,3,14,2145,1327982.85
2018-09,156,S1,L1,R3,3,15,2068,1340127.36
2018-09,157,S4,L2,R1,3,14,3356,1784540.49
2018-09,158,S4,L2,R2,3,16,3707,1923157.17
2018-09,159,S2,L1,R3,3,14,1199,851218.92
2018-09,160,S4,L2,R1,3,15,4572,2378374.8
2018-09,161,S1,L1,R3,3,15,1538,1132832.88
2018-09,162,S4,L1,R2,3,15,2546,1472934.06
2018-09,163,S1,L2,R3,3,15,2021,1387942.59
2018-09,164,S1,L1,R3,3,15,1614,1064789.13
2018-09,165,S1,L1,R2,3,14,1854,1099820.61
2018-09,166,S1,L1,R2,3,14,1586,1052976.57
2018-09,167,S1,L1,R2,3,14,1650,977108.94
2018-09,168,S2,L3,R3,3,15,1302,876658.23
2018-09,169,S1,L2,R4,3,14,1932,1346834.67
2018-09,170,S1,L1,R2,3,14,1741,1234219.26
2018-09,171,S4,L2,R3,3,15,2730,1593390.3
2018-09,172,S1,L1,R1,3,15,1888,1108185.21
2018-09,173,S4,L2,R1,3,14,3546,2120371.83
2018-09,174,S1,L1,R4,3,14,1642,1084243.02
2018-09,175,S4,L2,R1,3,15,5272,2836137.69
2018-09,176,S4,L2,R3,3,15,3167,1962788.64
2018-09,177,S2,L1,R4,3,14,1321,931041.87
2018-09,178,S3,L2,R3,3,15,2157,1384585.05
2018-09,179,S1,L1,R2,3,15,1950,1262139.96
2018-09,180,S1,L3,R2,3,14,1328,830793.12
2018-09,181,S3,L1,R3,3,15,2325,1260746.58
2018-09,182,S3,L1,R1,3,15,2141,1174950.99
2018-09,183,S1,L3,R1,3,15,2111,1146119.43
2018-09,184,S1,L2,R2,3,14,1774,1260220.17
2018-09,185,S1,L1,R3,3,15,1744,1166376.6
2018-09,186,S2,L5,R2,3,14,1041,698509.05
2018-09,187,S1,L1,R1,3,14,1575,1014692.94
2018-09,188,S3,L2,R1,3,14,2061,1502820.54
2018-09,189,S2,L3,R3,3,15,1145,791308.71
2018-09,190,S3,L3,R1,3,15,2260,1172794.32
2018-09,191,S3,L1,R1,3,14,2211,1201448.61
2018-09,192,S1,L1,R3,3,14,1938,1242757.35
2018-09,193,S2,L3,R4,3,15,1242,845911.35
2018-09,194,S1,L1,R2,3,15,1874,1179009.18
2018-09,195,S4,L1,R1,3,15,2983,1552902.81
2018-09,196,S1,L1,R3,3,15,1529,1110612.21
2018-09,197,S2,L5,R1,3,15,1346,788439.69
2018-09,198,S4,L2,R3,3,15,3022,1821305.4
2018-09,199,S1,L1,R4,3,14,1506,980871.0
2018-09,200,S2,L1,R2,3,14,1301,1023431.25
2018-09,201,S4,L1,R1,3,15,2897,1473911.4
2018-09,202,S4,L2,R2,3,15,2453,1492411.95
2018-09,203,S2,L4,R2,3,14,1331,803854.77
2018-09,204,S4,L1,R3,3,15,2539,1418912.61
2018-09,205,S1,L1,R2,3,15,1859,1157530.23
2018-09,206,S1,L1,R1,3,14,2119,1354879.89
2018-09,207,S1,L1,R3,3,14,1699,1198999.8
2018-09,208,S3,L1,R1,3,14,2211,1241456.79
2018-09,209,S1,L1,R1,3,15,1629,1022458.23
2018-09,210,S1,L5,R1,3,15,1425,760703.28
2018-09,211,S4,L2,R1,3,14,3158,1702238.43
2018-09,212,S4,L2,R3,3,15,3152,1806383.52
2018-09,213,S1,L1,R2,3,14,2054,1220143.26
2018-09,214,S1,L1,R4,3,15,1501,982501.44
2018-09,215,S3,L2,R1,3,15,2388,1555247.34
2018-09,216,S2,L5,R1,3,15,1211,683667.42
2018-09,217,S4,L1,R1,3,15,2357,1305247.86
2018-09,218,S1,L3,R2,3,14,1569,889558.05
2018-09,219,S4,L2,R1,3,15,3800,1894668.6
2018-09,220,S2,L4,R3,3,14,1122,732052.44
2018-09,221,S1,L1,R2,3,14,1810,1083137.55
2018-09,222,S4,L2,R2,3,15,3264,1802144.43
2018-09,223,S2,L5,R2,3,15,1326,788329.32
2018-09,224,S1,L2,R2,3,14,2071,1402797.36
2018-09,225,S1,L1,R1,3,15,1709,1054284.24
2018-09,226,S2,L5,R4,3,15,1118,681615.21
2018-09,227,S4,L2,R1,3,14,2441,1500826.8900000001
2018-09,228,S1,L1,R1,3,15,1533,955913.01
2018-09,229,S1,L1,R2,3,14,1969,1150712.28
2018-09,230,S2,L4,R4,3,14,1011,677498.25
2018-09,231,S4,L2,R3,3,15,2974,1656588.6
2018-09,232,S1,L1,R4,3,14,1624,1036535.7
2018-09,233,S1,L3,R3,3,16,1683,1173063.54
2018-09,234,S2,L4,R2,3,14,1142,773811.3
2018-09,235,S1,L1,R3,3,14,1598,1141505.73
2018-09,236,S1,L1,R3,3,14,1769,1134966.36
2018-09,237,S2,L3,R3,3,15,1089,791290.23
2018-09,238,S1,L1,R2,3,14,1382,945544.14
2018-09,239,S3,L1,R3,3,14,2152,1298410.56
2018-09,240,S3,L2,R3,3,14,2357,1436461.05
2018-09,241,S1,L1,R4,3,15,1865,1252993.44
2018-09,242,S4,L1,R1,3,15,2754,1398102.18
2018-09,243,S4,L2,R2,3,14,2321,1595822.67
2018-09,244,S2,L5,R4,3,15,1306,764453.79
2018-09,245,S4,L1,R2,3,14,2593,1477057.02
2018-09,246,S3,L1,R3,3,15,2256,1396998.3
2018-09,247,S1,L1,R3,3,15,1726,1140777.09
2018-09,248,S1,L1,R2,3,15,1515,1003075.62
2018-09,249,S1,L3,R2,3,15,2036,1118270.7
2018-09,250,S2,L3,R4,3,14,1226,838460.1
2018-09,251,S2,L3,R1,3,15,1378,891919.11
2018-09,252,S3,L2,R1,3,15,2314,1492421.7
2018-09,253,S4,L2,R1,3,15,2628,1463881.02
2018-09,254,S4,L1,R1,3,15,2333,1349039.13
2018-09,255,S3,L2,R4,3,15,2265,1507859.58
2018-09,256,S1,L2,R4,3,14,1955,1437290.01
2018-09,257,S1,L3,R1,3,15,1682,989683.44
2018-09,258,S2,L4,R4,3,15,1107,715617.36
2018-09,259,S4,L1,R1,3,14,2525,1308825.45
2018-09,260,S1,L1,R4,3,15,1678,1045114.23
2018-09,261,S4,L2,R1,3,15,2834,1701763.38
2018-09,262,S1,L1,R1,3,15,1813,1188901.17
2018-09,263,S1,L5,R1,3,15,1577,792568.86
2018-09,264,S3,L1,R3,3,15,2115,1337871.39
2018-09,265,S2,L4,R2,3,14,1375,831543.9299999999
2018-09,266,S1,L1,R4,3,14,1554,977832.96
2018-09,267,S4,L2,R1,3,14,2953,1817576.6400000001
2018-09,268,S1,L2,R1,3,14,1947,1297622.22
2018-09,269,S1,L4,R1,3,14,1557,866383.92
2018-09,270,S1,L1,R2,3,15,1551,966444.72
2018-09,271,S1,L3,R2,3,13,1866,1044710.4299999999
2018-09,272,S2,L4,R2,3,15,1347,799018.26
2018-09,273,S2,L3,R4,3,15,1113,799406.46
2018-09,274,S4,L2,R4,3,15,2733,1713205.59
2018-09,275,S4,L1,R1,3,15,2762,1766504.82
2018-09,276,S1,L1,R2,3,15,2063,1241003.01
2018-09,277,S1,L3,R1,3,15,1823,981321.27
2018-09,278,S4,L1,R4,3,15,2848,1576458.36
2018-09,279,S2,L3,R2,3,14,1281,826185.72
2018-09,280,S4,L2,R2,3,14,3384,1786231.41
2018-09,281,S1,L4,R1,3,15,1843,954770.04
2018-09,282,S1,L2,R2,3,15,2021,1512933.24
2018-09,283,S4,L1,R1,3,15,2616,1345927.32
2018-09,284,S4,L2,R3,3,15,2443,1486175.4
2018-09,285,S1,L3,R3,3,15,1399,872526.3
2018-09,286,S4,L2,R4,3,14,3001,1709856.96
2018-09,287,S1,L4,R1,3,15,1878,962939.88
2018-09,288,S3,L2,R3,3,14,2400,1510180.59
2018-09,289,S2,L5,R2,3,15,1055,621790.65
2018-09,290,S1,L1,R3,3,14,1719,1054937.4
2018-09,291,S1,L3,R1,3,14,1986,1044289.65
2018-09,292,S1,L1,R1,3,14,1531,1020892.38
2018-09,293,S2,L4,R2,3,15,1086,715230.24
2018-09,294,S4,L2,R2,3,14,3423,1920597.54
2018-09,295,S1,L1,R1,3,14,1523,1030283.94
2018-09,296,S1,L1,R1,3,14,1835,1091620.59
2018-09,297,S2,L3,R4,3,15,1355,849183.42
2018-09,298,S4,L1,R1,3,15,3784,1766980.65
2018-09,299,S1,L1,R3,3,15,1682,1199696.19
2018-09,300,S2,L5,R2,3,13,1208,677371.14
2018-09,301,S1,L3,R2,3,14,1708,999806.55
2018-09,302,S1,L4,R2,3,15,1610,867564.51
2018-09,303,S4,L2,R1,3,15,3429,1808845.02
2018-09,304,S1,L1,R4,3,15,1649,996191.16
2018-09,305,S4,L1,R1,3,15,2850,1541045.04
2018-09,306,S1,L3,R2,3,15,1522,941052.84
2018-09,307,S1,L5,R2,3,15,1547,821927.85
2018-09,308,S4,L2,R3,3,15,2661,1552620.15
2018-09,309,S1,L5,R1,3,15,1989,952900.74
2018-09,310,S2,L5,R1,3,15,1192,661380.42
2018-09,311,S4,L2,R2,3,11,2825,1557743.6400000001
2018-09,312,S4,L2,R1,3,14,4941,2560480.95
2018-09,313,S1,L3,R1,3,14,1566,920832.15
2018-09,314,S1,L1,R2,3,15,2010,1220753.52
2018-09,315,S4,L2,R1,3,15,3755,1984438.29
2018-09,316,S4,L2,R1,3,15,2404,1494814.08
2018-09,317,S3,L1,R1,3,15,2334,1244989.38
2018-09,318,S1,L3,R2,3,14,1754,1017617.16
2018-09,319,S3,L1,R2,3,15,2253,1385834.37
2018-09,320,S2,L3,R2,3,15,1359,830659.77
2018-09,321,S3,L1,R2,3,15,2103,1240015.44
2018-09,322,S2,L3,R4,3,15,1208,826266.18
2018-09,323,S1,L4,R1,3,15,1618,886229.55
2018-09,324,S1,L2,R3,3,15,2012,1445728.68
2018-09,325,S3,L1,R2,3,14,2033,1272954.27
2018-09,326,S3,L1,R1,3,15,2218,1309157.22
2018-09,327,S4,L1,R3,3,15,2670,1400385.27
2018-09,328,S1,L3,R1,3,14,1448,912543.6
2018-09,329,S4,L2,R3,3,14,2442,1549817.37
2018-09,330,S4,L2,R1,3,15,3266,1812861.63
2018-09,331,S1,L1,R4,3,14,1610,1069782.03
2018-09,332,S2,L5,R1,3,15,1378,796811.46
2018-09,333,S1,L1,R3,3,15,1530,1036213.83
2018-09,334,S3,L2,R2,3,14,2412,1627755.27
2018-09,335,S1,L1,R3,3,15,1739,1044838.5
2018-09,336,S4,L2,R1,3,15,3521,1937688.75
2018-09,337,S4,L2,R1,3,14,5297,2866675.92
2018-09,338,S4,L2,R1,3,15,2917,1725361.5
2018-09,339,S4,L2,R1,3,15,3013,1630159.41
2018-09,340,S4,L2,R3,3,15,2695,1638769.62
2018-09,341,S1,L1,R2,3,14,2011,1161199.62
2018-09,342,S4,L1,R1,3,15,2758,1460497.35
2018-09,343,S1,L1,R2,3,15,1659,1153545.6
2018-09,344,S1,L5,R1,3,14,1974,965438.16
2018-09,345,S1,L1,R3,3,15,1640,1208418.84
2018-09,346,S4,L1,R1,3,15,3071,1640601.69
2018-09,347,S1,L1,R1,3,15,1773,1116182.64
2018-09,348,S3,L1,R1,3,14,2197,1218959.7
2018-09,349,S1,L1,R4,3,15,2030,1265621.52
2018-09,350,S1,L3,R2,3,15,1691,1001853.12
2018-09,351,S1,L4,R3,3,15,1497,868545.48
2018-09,352,S4,L1,R1,3,15,2188,1241771.76
2018-09,353,S1,L3,R3,3,15,1508,944491.56
2018-09,354,S4,L2,R1,3,14,3637,2202109.44
2018-09,355,S2,L4,R2,3,14,1144,766258.8
2018-09,356,S3,L3,R1,3,15,2158,1117066.8
2018-09,357,S4,L1,R1,3,14,2802,1537848.33
2018-09,358,S3,L1,R1,3,14,2293,1379993.76
2018-09,359,S2,L3,R2,3,15,1240,858571.29
2018-09,360,S2,L1,R1,3,14,1314,909472.95
2018-09,361,S1,L3,R1,3,15,1677,961385.85
2018-09,362,S1,L3,R3,3,14,1700,968141.34
2018-09,363,S1,L1,R2,3,14,2139,1277894.67
2018-09,364,S2,L3,R2,3,14,1376,874429.29
2018-09,365,S2,L1,R2,3,15,1289,853007.55
2018-10,1,S1,L3,R1,7,16,1820,1011547.74
2018-10,2,S3,L1,R3,7,16,2288,1320710.4
2018-10,3,S4,L2,R1,7,16,3589,1840326.3599999999
2018-10,4,S1,L1,R2,7,16,1915,1081113.21
2018-10,5,S1,L1,R3,7,16,2113,1282195.17
2018-10,6,S4,L1,R1,7,16,2402,1283662.77
2018-10,7,S3,L1,R3,7,16,2163,1251066.0
2018-10,8,S4,L2,R2,7,15,2620,1485366.24
2018-10,9,S1,L1,R1,7,16,1540,999790.86
2018-10,10,S4,L2,R3,7,16,2650,1698633.12
2018-10,11,S4,L2,R1,7,16,3326,1884656.85
2018-10,12,S1,L3,R2,7,14,1840,1117368.03
2018-10,13,S3,L3,R1,7,16,2294,1173499.44
2018-10,14,S3,L2,R4,7,16,2315,1623576.99
2018-10,15,S4,L2,R1,7,12,3240,1787771.28
2018-10,16,S1,L3,R1,7,16,1969,1053131.85
2018-10,17,S1,L1,R2,7,12,1944,1033625.49
2018-10,18,S4,L1,R1,7,16,2942,1586622.63
2018-10,19,S1,L1,R3,7,12,1431,1001942.97
2018-10,20,S1,L1,R1,7,12,1614,1191970.05
2018-10,21,S3,L2,R4,7,16,2188,1379575.68
2018-10,22,S1,L1,R4,7,16,1581,1161200.46
2018-10,23,S1,L1,R4,7,12,1504,998226.54
2018-10,24,S1,L1,R2,7,16,1644,982275.87
2018-10,25,S1,L3,R1,7,16,1786,1006651.2
2018-10,26,S1,L1,R3,7,16,2086,1327337.97
2018-10,27,S1,L3,R3,7,16,1336,858420.54
2018-10,28,S3,L2,R3,7,16,2290,1520845.8
2018-10,29,S1,L4,R2,7,12,1366,784690.65
2018-10,30,S1,L2,R2,7,16,1904,1254292.62
2018-10,31,S1,L5,R2,7,16,1438,770509.3200000001
2018-10,32,S1,L1,R2,7,12,1668,1107926.58
2018-10,33,S4,L2,R4,7,16,2589,1605582.0
2018-10,34,S1,L3,R1,7,16,1863,998748.0
2018-10,35,S1,L1,R2,7,12,1898,1103150.4
2018-10,36,S1,L3,R4,7,16,1691,993836.94
2018-10,37,S1,L3,R3,7,16,1439,922018.05
2018-10,38,S1,L3,R2,7,12,1408,877364.88
2018-10,39,S4,L1,R1,7,16,3430,1760459.04
2018-10,40,S1,L1,R4,7,12,1647,1127910.33
2018-10,41,S1,L1,R2,7,16,1801,1152599.01
2018-10,42,S1,L4,R3,7,16,1538,881432.7
2018-10,43,S1,L1,R2,7,16,1712,1082327.91
2018-10,44,S1,L3,R2,7,12,1928,1032015.03
2018-10,45,S3,L1,R1,7,16,2269,1262204.31
2018-10,46,S2,L1,R2,7,12,1433,996260.55
2018-10,47,S4,L2,R2,7,12,2840,1567125.9
2018-10,48,S1,L1,R2,7,12,1479,983991.21
2018-10,49,S4,L1,R2,7,16,2748,1488616.08
2018-10,50,S3,L2,R4,7,16,2222,1410614.94
2018-10,51,S1,L1,R2,7,12,1409,914294.13
2018-10,52,S1,L1,R3,7,16,1992,1282005.0
2018-10,53,S3,L1,R2,7,16,2175,1285133.28
2018-10,54,S1,L2,R3,7,16,1673,1215158.94
2018-10,55,S1,L1,R2,7,12,1822,1060821.54
2018-10,56,S2,L5,R3,7,12,1261,733114.32
2018-10,57,S4,L1,R1,7,16,2618,1322623.5
2018-10,58,S1,L1,R1,7,15,2123,1432227.87
2018-10,59,S1,L3,R1,7,16,1693,963870.06
2018-10,60,S1,L5,R2,7,16,1504,841977.63
2018-10,61,S1,L1,R3,7,12,1988,1164114.15
2018-10,62,S2,L5,R1,7,12,1132,664351.38
2018-10,63,S1,L1,R2,7,12,1931,1195170.39
2018-10,64,S3,L1,R2,7,12,2006,1167701.16
2018-10,65,S1,L2,R2,7,12,1741,1217828.61
2018-10,66,S3,L3,R3,7,16,2059,1088228.61
2018-10,67,S2,L5,R1,7,16,1052,585560.64
2018-10,68,S1,L2,R4,7,16,1902,1315176.54
2018-10,69,S1,L1,R4,7,12,1558,944282.88
2018-10,70,S1,L1,R3,7,13,1686,983448.5700000001
2018-10,71,S2,L5,R1,7,16,1017,630621.57
2018-10,72,S1,L2,R3,7,16,2110,1443683.58
2018-10,73,S3,L2,R4,7,16,2129,1484023.23
2018-10,74,S3,L1,R2,7,16,2090,1235130.84
2018-10,75,S3,L2,R3,7,16,2186,1467177.09
2018-10,76,S2,L3,R3,7,12,1147,762775.05
2018-10,77,S2,L5,R3,7,16,1033,647697.51
2018-10,78,S1,L1,R4,7,16,1486,989059.38
2018-10,79,S2,L5,R4,7,16,1071,682897.77
2018-10,80,S1,L1,R1,7,16,1664,1010863.11
2018-10,81,S3,L2,R1,7,16,2078,1419933.72
2018-10,82,S4,L2,R1,7,16,3581,1885784.49
2018-10,83,S2,L5,R1,7,16,796,526893.33
2018-10,84,S1,L1,R3,7,16,1972,1178378.52
2018-10,85,S4,L2,R1,7,16,3912,2142774.96
2018-10,86,S1,L1,R4,7,12,1405,894671.58
2018-10,87,S4,L2,R3,7,16,2937,2039639.34
2018-10,88,S2,L5,R2,7,12,1048,636296.73
2018-10,89,S1,L4,R1,7,16,1446,793251.72
2018-10,90,S1,L1,R3,7,16,1823,1114700.4
2018-10,91,S3,L1,R1,7,12,2318,1375132.2
2018-10,92,S1,L4,R2,7,16,1637,889810.26
2018-10,93,S1,L1,R4,7,16,1466,1001763.51
2018-10,94,S4,L2,R2,7,12,2451,1454206.89
2018-10,95,S3,L1,R1,7,16,2357,1259759.04
2018-10,96,S3,L1,R3,7,16,2124,1258003.26
2018-10,97,S4,L1,R1,7,16,2655,1469983.29
2018-10,98,S2,L5,R2,7,16,984,639843.9
2018-10,99,S1,L1,R3,7,12,2400,1450106.52
2018-10,100,S1,L1,R2,7,16,1601,1021562.91
2018-10,101,S1,L4,R3,7,12,1353,779032.62
2018-10,102,S4,L2,R1,7,16,2804,1657819.95
2018-10,103,S1,L3,R3,7,16,1742,1007237.7
2018-10,104,S1,L1,R2,7,12,1667,954504.5700000001
2018-10,105,S4,L2,R1,7,16,2742,1590802.62
2018-10,106,S1,L1,R4,7,16,1869,1136520.36
2018-10,107,S1,L3,R3,7,16,1703,970126.8
2018-10,108,S1,L1,R4,7,16,1878,1234817.34
2018-10,109,S1,L1,R1,7,16,2066,1222826.01
2018-10,110,S2,L3,R3,7,16,1249,842309.34
2018-10,111,S1,L1,R2,7,16,1911,1209045.42
2018-10,112,S1,L1,R3,7,16,1685,1006893.84
2018-10,113,S2,L3,R3,7,16,1075,733268.34
2018-10,114,S3,L1,R4,7,16,2178,1318497.27
2018-10,115,S4,L2,R1,7,16,3591,1893357.21
2018-10,116,S2,L3,R3,7,16,1178,814339.65
2018-10,117,S1,L1,R3,7,16,1573,1035149.46
2018-10,118,S2,L1,R4,7,16,1284,913181.7
2018-10,119,S1,L1,R3,7,16,1935,1164998.07
2018-10,120,S3,L2,R2,7,16,2214,1594509.24
2018-10,121,S1,L1,R4,7,16,1921,1270191.72
2018-10,122,S1,L1,R2,7,16,1614,1096597.26
2018-10,123,S4,L2,R3,7,16,2355,1536047.19
2018-10,124,S3,L2,R3,7,16,2395,1581780.72
2018-10,125,S4,L2,R1,7,16,3351,1869754.47
2018-10,126,S4,L2,R2,7,16,4306,2649199.05
2018-10,127,S4,L2,R2,7,16,2777,1633847.61
2018-10,128,S1,L2,R2,7,16,1888,1242614.34
2018-10,129,S3,L1,R1,7,16,2193,1215680.64
2018-10,130,S1,L1,R3,7,12,1637,954558.24
2018-10,131,S4,L2,R1,7,16,3711,1918671.3900000001
2018-10,132,S1,L1,R3,7,16,2024,1284067.29
2018-10,133,S1,L1,R4,7,16,1972,1154668.74
2018-10,134,S1,L4,R1,7,16,1472,861397.05
2018-10,135,S1,L1,R4,7,16,1520,1068819.6
2018-10,136,S2,L5,R4,7,12,904,597702.54
2018-10,137,S4,L1,R1,7,16,2477,1351339.74
2018-10,138,S1,L1,R1,7,16,1709,1012130.64
2018-10,139,S4,L2,R2,7,16,3357,1976124.57
2018-10,140,S4,L1,R1,7,12,2224,1302885.96
2018-10,141,S1,L1,R2,7,12,1525,995337.0
2018-10,142,S2,L1,R3,7,12,1224,813558.0
2018-10,143,S3,L2,R3,7,12,2160,1496497.62
2018-10,144,S1,L3,R3,7,16,1741,992785.71
2018-10,145,S1,L3,R1,7,16,1951,1075554.84
2018-10,146,S4,L2,R1,7,16,4414,2325056.46
2018-10,147,S4,L2,R4,7,16,3425,1885101.42
2018-10,148,S1,L1,R2,7,16,1339,893322.27
2018-10,149,S2,L3,R2,7,16,1620,1020242.91
2018-10,150,S4,L2,R1,7,16,3489,1906147.17
2018-10,151,S1,L3,R2,7,16,1392,859627.47
2018-10,152,S2,L1,R1,7,12,1290,922904.01
2018-10,153,S4,L2,R1,7,16,4042,2230071.63
2018-10,154,S1,L3,R2,7,16,2039,1089318.45
2018-10,155,S3,L1,R2,7,16,2155,1339545.06
2018-10,156,S1,L1,R3,7,16,2051,1299035.1
2018-10,157,S4,L2,R1,7,12,3254,1716999.12
2018-10,158,S4,L2,R2,7,11,3395,1707902.76
2018-10,159,S2,L1,R3,7,12,1164,819363.96
2018-10,160,S4,L2,R1,7,16,4294,2243919.3
2018-10,161,S1,L1,R3,7,16,1464,1073420.49
2018-10,162,S4,L1,R2,7,16,2606,1504043.73
2018-10,163,S1,L2,R3,7,16,2173,1483140.66
2018-10,164,S1,L1,R3,7,16,1503,999978.54
2018-10,165,S1,L1,R2,7,12,1809,1051451.82
2018-10,166,S1,L1,R2,7,12,1467,939866.16
2018-10,167,S1,L1,R2,7,16,1810,1095267.24
2018-10,168,S2,L3,R3,7,16,1322,882889.74
2018-10,169,S1,L2,R4,7,12,1855,1272239.85
2018-10,170,S1,L1,R2,7,12,1632,1129941.54
2018-10,171,S4,L2,R3,7,16,2826,1652400.45
2018-10,172,S1,L1,R1,7,16,1768,1050351.66
2018-10,173,S4,L2,R1,7,12,3452,2036586.9
2018-10,174,S1,L1,R4,7,12,1567,1008770.01
2018-10,175,S4,L2,R1,7,16,5339,2837091.39
2018-10,176,S4,L2,R3,7,16,3270,2023112.34
2018-10,177,S2,L1,R4,7,12,1279,881064.8099999999
2018-10,178,S3,L2,R3,7,16,2051,1317012.66
2018-10,179,S1,L1,R2,7,16,2005,1292973.93
2018-10,180,S1,L3,R2,7,12,1322,816317.28
2018-10,181,S3,L1,R3,7,16,2306,1251823.77
2018-10,182,S3,L1,R1,7,16,2205,1194635.64
2018-10,183,S1,L3,R1,7,16,2100,1144711.56
2018-10,184,S1,L2,R2,7,12,1699,1182138.21
2018-10,185,S1,L1,R3,7,15,1778,1170260.31
2018-10,186,S2,L5,R2,7,12,973,641958.6
2018-10,187,S1,L1,R1,7,12,1430,889872.36
2018-10,188,S3,L2,R1,7,12,1897,1355789.91
2018-10,189,S2,L3,R3,7,16,1093,766129.2
2018-10,190,S3,L3,R1,7,16,2308,1185668.76
2018-10,191,S3,L1,R1,7,12,2150,1145108.76
2018-10,192,S1,L1,R3,7,16,2068,1341139.14
2018-10,193,S2,L3,R4,7,16,1159,787532.37
2018-10,194,S1,L1,R2,7,16,1784,1103253.66
2018-10,195,S4,L1,R1,7,16,2696,1440407.85
2018-10,196,S1,L1,R3,7,16,1573,1140796.38
2018-10,197,S2,L5,R1,7,16,1372,789114.48
2018-10,198,S4,L2,R3,7,16,2869,1724063.82
2018-10,199,S1,L1,R4,7,12,1434,927828.0
2018-10,200,S2,L1,R2,7,12,1232,955996.59
2018-10,201,S4,L1,R1,7,16,2918,1464520.68
2018-10,202,S4,L2,R2,7,16,2439,1488666.0
2018-10,203,S2,L4,R2,7,12,1293,768060.84
2018-10,204,S4,L1,R3,7,16,2545,1406539.98
2018-10,205,S1,L1,R2,7,16,1865,1140415.92
2018-10,206,S1,L1,R1,7,12,2059,1297522.05
2018-10,207,S1,L1,R3,7,12,1576,1097291.13
2018-10,208,S3,L1,R1,7,12,2056,1104750.15
2018-10,209,S1,L1,R1,7,16,1772,1122209.52
2018-10,210,S1,L5,R1,7,16,1407,757559.28
2018-10,211,S4,L2,R1,7,16,3150,1677631.5
2018-10,212,S4,L2,R3,7,9,3268,1849657.02
2018-10,213,S1,L1,R2,7,12,1910,1116624.06
2018-10,214,S1,L1,R4,7,16,1505,991515.54
2018-10,215,S3,L2,R1,7,16,2526,1658123.55
2018-10,216,S2,L5,R1,7,16,1102,641179.2
2018-10,217,S4,L1,R1,7,16,2507,1385555.58
2018-10,218,S1,L3,R2,7,12,1454,826661.46
2018-10,219,S4,L2,R1,7,16,3661,1827955.41
2018-10,220,S2,L4,R3,7,12,1078,700873.86
2018-10,221,S1,L1,R2,7,12,1727,1011461.67
2018-10,222,S4,L2,R2,7,10,3020,1629222.87
2018-10,223,S2,L5,R2,7,16,1284,757639.05
2018-10,224,S1,L2,R2,7,12,1941,1309318.83
2018-10,225,S1,L1,R1,7,16,1753,1073005.38
2018-10,226,S2,L5,R4,7,16,1135,687743.52
2018-10,227,S4,L2,R1,7,12,2315,1395890.31
2018-10,228,S1,L1,R1,7,16,1553,955379.79
2018-10,229,S1,L1,R2,7,12,1867,1062793.41
2018-10,230,S2,L4,R4,7,12,976,661235.79
2018-10,231,S4,L2,R3,7,16,2860,1593095.7
2018-10,232,S1,L1,R4,7,12,1517,934747.56
2018-10,233,S1,L3,R3,7,16,1533,908961.63
2018-10,234,S2,L4,R2,7,12,1086,721355.1
2018-10,235,S1,L1,R3,7,12,1518,1066395.24
2018-10,236,S1,L1,R3,7,12,1673,1063872.84
2018-10,237,S2,L3,R3,7,16,1037,769928.28
2018-10,238,S1,L1,R2,7,12,1290,871728.27
2018-10,239,S3,L1,R3,7,16,2265,1363585.68
2018-10,240,S3,L2,R3,7,16,2324,1422016.89
2018-10,241,S1,L1,R4,7,16,1739,1196574.18
2018-10,242,S4,L1,R1,7,16,2763,1406948.49
2018-10,243,S4,L2,R2,7,12,2220,1487005.86
2018-10,244,S2,L5,R4,7,16,1293,748678.17
2018-10,245,S4,L1,R2,7,12,2474,1387466.19
2018-10,246,S3,L1,R3,7,16,2257,1375747.35
2018-10,247,S1,L1,R3,7,16,1629,1089283.2
2018-10,248,S1,L1,R2,7,16,1491,983962.14
2018-10,249,S1,L3,R2,7,16,1981,1100633.79
2018-10,250,S2,L3,R4,7,12,1142,767144.88
2018-10,251,S2,L3,R1,7,16,1396,903260.8200000001
2018-10,252,S3,L2,R1,7,16,2317,1493832.87
2018-10,253,S4,L2,R1,7,16,2799,1539121.89
2018-10,254,S4,L1,R1,7,16,2422,1393395.99
2018-10,255,S3,L2,R4,7,16,2200,1499848.14
2018-10,256,S1,L2,R4,7,12,1882,1336530.45
2018-10,257,S1,L3,R1,7,16,1656,954560.49
2018-10,258,S2,L4,R4,7,16,1149,763017.66
2018-10,259,S4,L1,R1,7,12,2384,1229390.43
2018-10,260,S1,L1,R4,7,16,1573,993371.49
2018-10,261,S4,L2,R1,7,16,2760,1637289.81
2018-10,262,S1,L1,R1,7,16,1797,1191171.39
2018-10,263,S1,L5,R1,7,16,1797,898586.7
2018-10,264,S3,L1,R3,7,16,2128,1323247.5
2018-10,265,S2,L4,R2,7,12,1103,653560.95
2018-10,266,S1,L1,R4,7,12,1435,866810.37
2018-10,267,S4,L2,R1,7,12,2736,1655392.41
2018-10,268,S1,L2,R1,7,16,2171,1450100.73
2018-10,269,S1,L4,R1,7,12,1499,819161.22
2018-10,270,S1,L1,R2,7,16,1478,944087.07
2018-10,271,S1,L3,R2,7,16,1963,1119444.87
2018-10,272,S2,L4,R2,7,16,1307,777729.27
2018-10,273,S2,L3,R4,7,16,1132,796083.6900000001
2018-10,274,S4,L2,R4,7,16,3122,1918236.18
2018-10,275,S4,L1,R1,7,15,2284,1309384.26
2018-10,276,S1,L1,R2,7,16,2026,1199945.25
2018-10,277,S1,L3,R1,7,16,1612,889461.75
2018-10,278,S4,L1,R4,7,16,2815,1577752.95
2018-10,279,S2,L3,R2,7,12,1230,777808.47
2018-10,280,S4,L2,R2,7,16,3523,1901431.56
2018-10,281,S1,L4,R1,7,16,1738,907495.56
2018-10,282,S1,L2,R2,7,16,1811,1340159.25
2018-10,283,S4,L1,R1,7,16,2643,1330570.86
2018-10,284,S4,L2,R3,7,16,2675,1682867.1300000001
2018-10,285,S1,L3,R3,7,16,1383,859436.8200000001
2018-10,286,S4,L2,R4,7,16,3102,1796657.19
2018-10,287,S1,L4,R1,7,16,2015,1024818.78
2018-10,288,S3,L2,R3,7,16,2322,1456455.3
2018-10,289,S2,L5,R2,7,16,1099,658077.93
2018-10,290,S1,L1,R3,7,12,1634,997174.86
2018-10,291,S1,L3,R1,7,12,1964,1024204.62
2018-10,292,S1,L1,R1,7,12,1473,950264.49
2018-10,293,S2,L4,R2,7,16,1043,681692.88
2018-10,294,S4,L2,R2,7,16,3660,2054097.57
2018-10,295,S1,L1,R1,7,12,1472,981055.56
2018-10,296,S1,L1,R1,7,12,1741,1014583.32
2018-10,297,S2,L3,R4,7,16,1370,845230.38
2018-10,298,S4,L1,R1,7,16,3968,1844861.85
2018-10,299,S1,L1,R3,7,16,1708,1192029.87
2018-10,300,S2,L5,R2,7,11,1202,651575.73
2018-10,301,S1,L3,R2,7,12,1627,924632.31
2018-10,302,S1,L4,R2,7,16,1496,808512.0
2018-10,303,S4,L2,R1,7,16,3472,1796753.22
2018-10,304,S1,L1,R4,7,16,1639,987245.64
2018-10,305,S4,L1,R1,7,16,2901,1544406.99
2018-10,306,S1,L3,R2,7,16,1624,996287.01
2018-10,307,S1,L5,R2,7,16,1555,831197.43
2018-10,308,S4,L2,R3,7,16,2760,1604746.23
2018-10,309,S1,L5,R1,7,16,1894,916586.79
2018-10,310,S2,L5,R1,7,16,1087,596646.75
2018-10,311,S4,L2,R2,7,15,2804,1545637.65
2018-10,312,S4,L2,R1,7,12,4781,2419863.12
2018-10,313,S1,L3,R1,7,12,1430,826693.92
2018-10,314,S1,L1,R2,7,16,1896,1137776.97
2018-10,315,S4,L2,R1,7,16,3761,1976711.85
2018-10,316,S4,L2,R1,7,16,2293,1433822.88
2018-10,317,S3,L1,R1,7,16,2339,1248055.41
2018-10,318,S1,L3,R2,7,12,1694,958886.34
2018-10,319,S3,L1,R2,7,16,2192,1335166.92
2018-10,320,S2,L3,R2,7,16,1274,781455.96
2018-10,321,S3,L1,R2,7,16,2020,1183480.05
2018-10,322,S2,L3,R4,7,16,1163,796552.2
2018-10,323,S1,L4,R1,7,16,1484,816572.4299999999
2018-10,324,S1,L2,R3,7,16,2042,1470131.07
2018-10,325,S3,L1,R2,7,12,1955,1204083.93
2018-10,326,S3,L1,R1,7,16,2292,1347854.76
2018-10,327,S4,L1,R3,7,16,2731,1438993.74
2018-10,328,S1,L3,R1,7,12,1328,810039.3
2018-10,329,S4,L2,R3,7,16,2615,1650176.01
2018-10,330,S4,L2,R1,7,16,3210,1798687.56
2018-10,331,S1,L1,R4,7,12,1575,1011987.99
2018-10,332,S2,L5,R1,7,16,1399,803590.26
2018-10,333,S1,L1,R3,7,16,1493,1019265.75
2018-10,334,S3,L2,R2,7,12,2254,1474426.74
2018-10,335,S1,L1,R3,7,16,1803,1068960.66
2018-10,336,S4,L2,R1,7,16,3640,1970913.39
2018-10,337,S4,L2,R1,7,12,4873,2593416.3
2018-10,338,S4,L2,R1,7,16,2814,1668595.5
2018-10,339,S4,L2,R1,7,16,4294,2303100.72
2018-10,340,S4,L2,R3,7,16,2687,1626836.04
2018-10,341,S1,L1,R2,7,12,1939,1103341.14
2018-10,342,S4,L1,R1,7,16,2863,1503597.06
2018-10,343,S1,L1,R2,7,16,1720,1180121.19
2018-10,344,S1,L5,R1,7,12,1931,931420.2
2018-10,345,S1,L1,R3,7,16,1539,1139413.5
2018-10,346,S4,L1,R1,7,16,2854,1544773.38
2018-10,347,S1,L1,R1,7,16,1736,1094314.5
2018-10,348,S3,L1,R1,7,16,2221,1226853.96
2018-10,349,S1,L1,R4,7,16,1920,1184622.87
2018-10,350,S1,L3,R2,7,16,1709,995468.58
2018-10,351,S1,L4,R3,7,16,1546,888019.68
2018-10,352,S4,L1,R1,7,16,2209,1246216.11
2018-10,353,S1,L3,R3,7,16,1507,933391.5
2018-10,354,S4,L2,R1,7,12,3566,2141596.14
2018-10,355,S2,L4,R2,7,12,1062,699680.16
2018-10,356,S3,L3,R1,7,16,1982,1012832.88
2018-10,357,S4,L1,R1,7,15,2918,1542893.37
2018-10,358,S3,L1,R1,7,12,2196,1290542.34
2018-10,359,S2,L3,R2,7,16,1174,826397.04
2018-10,360,S2,L1,R1,7,12,1253,857788.62
2018-10,361,S1,L3,R1,7,16,1738,997741.23
2018-10,362,S1,L3,R3,7,16,1804,1024785.15
2018-10,363,S1,L1,R2,7,12,1919,1108136.79
2018-10,364,S2,L3,R2,7,12,1355,845723.16
2018-10,365,S2,L1,R2,7,16,1251,806888.04
2018-11,1,S1,L3,R1,8,14,1691,928096.83
2018-11,2,S3,L1,R3,8,12,2041,1194572.58
2018-11,3,S4,L2,R1,8,14,3123,1606842.99
2018-11,4,S1,L1,R2,8,12,1754,994925.34
2018-11,5,S1,L1,R3,8,14,1919,1154145.63
2018-11,6,S4,L1,R1,8,13,2092,1129241.34
2018-11,7,S3,L1,R3,8,13,1952,1134306.72
2018-11,8,S4,L2,R2,8,9,2373,1379285.07
2018-11,9,S1,L1,R1,8,11,1431,901878.36
2018-11,10,S4,L2,R3,8,12,2224,1451688.6
2018-11,11,S4,L2,R1,8,12,2953,1691785.2
2018-11,12,S1,L3,R2,8,15,1738,1015104.63
2018-11,13,S3,L3,R1,8,11,1884,958895.67
2018-11,14,S3,L2,R4,8,12,2082,1466813.34
2018-11,15,S4,L2,R1,8,12,2977,1680243.06
2018-11,16,S1,L3,R1,8,12,1716,931939.5
2018-11,17,S1,L1,R2,8,12,2143,1187430.6
2018-11,18,S4,L1,R1,8,14,2529,1363374.0
2018-11,19,S1,L1,R3,8,12,1587,1149235.83
2018-11,20,S1,L1,R1,8,12,1853,1404774.96
2018-11,21,S3,L2,R4,8,14,2006,1283254.86
2018-11,22,S1,L1,R4,8,13,1482,1092060.63
2018-11,23,S1,L1,R4,8,12,1593,1085427.9
2018-11,24,S1,L1,R2,8,13,1475,891054.21
2018-11,25,S1,L3,R1,8,11,1711,941915.0700000001
2018-11,26,S1,L1,R3,8,14,1804,1148482.74
2018-11,27,S1,L3,R3,8,12,1257,800213.73
2018-11,28,S3,L2,R3,8,12,2081,1401596.49
2018-11,29,S1,L4,R2,8,12,1439,862636.47
2018-11,30,S1,L2,R2,8,13,1879,1243883.25
2018-11,31,S1,L5,R2,8,12,1347,724329.24
2018-11,32,S1,L1,R2,8,12,1725,1161872.25
2018-11,33,S4,L2,R4,8,12,2415,1515245.79
2018-11,34,S1,L3,R1,8,11,1602,862371.27
2018-11,35,S1,L1,R2,8,12,1884,1115880.9
2018-11,36,S1,L3,R4,8,12,1522,910891.05
2018-11,37,S1,L3,R3,8,12,1246,810757.71
2018-11,38,S1,L3,R2,8,12,1469,945945.39
2018-11,39,S4,L1,R1,8,11,2968,1525973.37
2018-11,40,S1,L1,R4,8,12,1750,1227563.46
2018-11,41,S1,L1,R2,8,13,1778,1140590.85
2018-11,42,S1,L4,R3,8,12,1374,790605.54
2018-11,43,S1,L1,R2,8,12,1543,988072.2
2018-11,44,S1,L3,R2,8,12,2035,1115543.19
2018-11,45,S3,L1,R1,8,13,1953,1085509.95
2018-11,46,S2,L1,R2,8,12,1477,1063671.51
2018-11,47,S4,L2,R2,8,12,2900,1663870.68
2018-11,48,S1,L1,R2,8,12,1622,1115582.88
2018-11,49,S4,L1,R2,8,13,2505,1351438.02
2018-11,50,S3,L2,R4,8,12,1935,1247780.7
2018-11,51,S1,L1,R2,8,12,1547,1025963.52
2018-11,52,S1,L1,R3,8,12,1771,1153500.78
2018-11,53,S3,L1,R2,8,13,1888,1132638.45
2018-11,54,S1,L2,R3,8,13,1609,1169339.04
2018-11,55,S1,L1,R2,8,12,1881,1149228.12
2018-11,56,S2,L5,R3,8,12,1300,767514.12
2018-11,57,S4,L1,R1,8,12,2227,1139890.11
2018-11,58,S1,L1,R1,8,10,2126,1330976.22
2018-11,59,S1,L3,R1,8,12,1497,866493.3
2018-11,60,S1,L5,R2,8,12,1419,779131.62
2018-11,61,S1,L1,R3,8,12,2109,1282538.37
2018-11,62,S2,L5,R1,8,12,1205,723534.48
2018-11,63,S1,L1,R2,8,12,1998,1265047.86
2018-11,64,S3,L1,R2,8,12,1965,1177870.62
2018-11,65,S1,L2,R2,8,12,1937,1377996.45
2018-11,66,S3,L3,R3,8,13,1854,976937.58
2018-11,67,S2,L5,R1,8,13,933,527609.52
2018-11,68,S1,L2,R4,8,12,1738,1200811.02
2018-11,69,S1,L1,R4,8,12,1615,997321.2
2018-11,70,S1,L1,R3,8,10,1777,1059368.49
2018-11,71,S2,L5,R1,8,12,864,521645.49
2018-11,72,S1,L2,R3,8,12,1882,1304676.81
2018-11,73,S3,L2,R4,8,12,1907,1330907.7
2018-11,74,S3,L1,R2,8,13,1928,1154686.38
2018-11,75,S3,L2,R3,8,12,2036,1330073.28
2018-11,76,S2,L3,R3,8,12,1278,857033.8200000001
2018-11,77,S2,L5,R3,8,12,911,587457.72
2018-11,78,S1,L1,R4,8,13,1354,907602.6
2018-11,79,S2,L5,R4,8,13,1004,649161.75
2018-11,80,S1,L1,R1,8,12,1447,868303.35
2018-11,81,S3,L2,R1,8,13,1897,1299687.09
2018-11,82,S4,L2,R1,8,14,3207,1666908.78
2018-11,83,S2,L5,R1,8,12,699,464803.86
2018-11,84,S1,L1,R3,8,12,1649,997137.78
2018-11,85,S4,L2,R1,8,11,3187,1737777.66
2018-11,86,S1,L1,R4,8,12,1589,1034836.26
2018-11,87,S4,L2,R3,8,12,2707,1901224.11
2018-11,88,S2,L5,R2,8,12,1082,665046.24
2018-11,89,S1,L4,R1,8,12,1399,747327.0
2018-11,90,S1,L1,R3,8,13,1745,1064733.54
2018-11,91,S3,L1,R1,8,12,2418,1468621.08
2018-11,92,S1,L4,R2,8,12,1520,822186.15
2018-11,93,S1,L1,R4,8,11,1394,912458.67
2018-11,94,S4,L2,R2,8,12,2384,1444173.54
2018-11,95,S3,L1,R1,8,11,1973,1040677.38
2018-11,96,S3,L1,R3,8,13,2082,1224683.46
2018-11,97,S4,L1,R1,8,14,2640,1467504.57
2018-11,98,S2,L5,R2,8,13,945,611855.46
2018-11,99,S1,L1,R3,8,11,2024,1218099.9
2018-11,100,S1,L1,R2,8,13,1506,936278.4
2018-11,101,S1,L4,R3,8,12,1414,831449.61
2018-11,102,S4,L2,R1,8,12,2566,1530012.72
2018-11,103,S1,L3,R3,8,12,1608,923589.93
2018-11,104,S1,L1,R2,8,12,1856,1088934.24
2018-11,105,S4,L2,R1,8,14,2258,1330548.3900000001
2018-11,106,S1,L1,R4,8,12,1549,939401.31
2018-11,107,S1,L3,R3,8,13,1487,869947.77
2018-11,108,S1,L1,R4,8,12,1697,1116566.85
2018-11,109,S1,L1,R1,8,12,1796,1057156.53
2018-11,110,S2,L3,R3,8,12,1162,786774.45
2018-11,111,S1,L1,R2,8,12,1692,1073861.64
2018-11,112,S1,L1,R3,8,12,1469,873342.42
2018-11,113,S2,L3,R3,8,13,1083,748710.39
2018-11,114,S3,L1,R4,8,12,1913,1183743.75
2018-11,115,S4,L2,R1,8,14,3175,1672850.79
2018-11,116,S2,L3,R3,8,11,1073,717310.47
2018-11,117,S1,L1,R3,8,12,1438,955075.14
2018-11,118,S2,L1,R4,8,11,1155,804161.46
2018-11,119,S1,L1,R3,8,12,1746,1056343.95
2018-11,120,S3,L2,R2,8,11,1930,1349883.63
2018-11,121,S1,L1,R4,8,12,1758,1174425.78
2018-11,122,S1,L1,R2,8,13,1492,1020875.1
2018-11,123,S4,L2,R3,8,12,2034,1355415.96
2018-11,124,S3,L2,R3,8,12,2073,1375521.33
2018-11,125,S4,L2,R1,8,14,2730,1510804.89
2018-11,126,S4,L2,R2,8,12,3835,2381991.9
2018-11,127,S4,L2,R2,8,12,2752,1589970.27
2018-11,128,S1,L2,R2,8,12,1583,1055487.36
2018-11,129,S3,L1,R1,8,12,1958,1092794.67
2018-11,130,S1,L1,R3,8,12,1742,1057581.96
2018-11,131,S4,L2,R1,8,13,3264,1686895.74
2018-11,132,S1,L1,R3,8,12,1906,1201366.77
2018-11,133,S1,L1,R4,8,12,1626,969778.3200000001
2018-11,134,S1,L4,R1,8,12,1332,787836.27
2018-11,135,S1,L1,R4,8,12,1355,933432.96
2018-11,136,S2,L5,R4,8,12,1019,693599.76
2018-11,137,S4,L1,R1,8,12,2124,1164414.75
2018-11,138,S1,L1,R1,8,11,1393,831310.95
2018-11,139,S4,L2,R2,8,14,2852,1705087.8900000001
2018-11,140,S4,L1,R1,8,12,2323,1417165.14
2018-11,141,S1,L1,R2,8,12,1709,1142421.51
2018-11,142,S2,L1,R3,8,12,1388,978404.91
2018-11,143,S3,L2,R3,8,12,2454,1718279.49
2018-11,144,S1,L3,R3,8,11,1585,879269.82
2018-11,145,S1,L3,R1,8,12,1738,929529.96
2018-11,146,S4,L2,R1,8,13,4095,2120703.12
2018-11,147,S4,L2,R4,8,11,2940,1590903.33
2018-11,148,S1,L1,R2,8,13,1263,845000.22
2018-11,149,S2,L3,R2,8,14,1322,833243.79
2018-11,150,S4,L2,R1,8,14,3180,1744862.7
2018-11,151,S1,L3,R2,8,11,1269,759669.63
2018-11,152,S2,L1,R1,8,12,1455,1058886.09
2018-11,153,S4,L2,R1,8,13,3727,2023907.61
2018-11,154,S1,L3,R2,8,12,1801,953429.91
2018-11,155,S3,L1,R2,8,14,1861,1160893.14
2018-11,156,S1,L1,R3,8,12,1867,1189243.05
2018-11,157,S4,L2,R1,8,12,3107,1672710.12
2018-11,158,S4,L2,R2,8,12,4253,2229124.11
2018-11,159,S2,L1,R3,8,12,1226,883199.37
2018-11,160,S4,L2,R1,8,13,4212,2176084.17
2018-11,161,S1,L1,R3,8,12,1334,993578.73
2018-11,162,S4,L1,R2,8,12,2338,1358496.45
2018-11,163,S1,L2,R3,8,12,1768,1231460.1
2018-11,164,S1,L1,R3,8,13,1397,941099.61
2018-11,165,S1,L1,R2,8,12,1872,1139580.33
2018-11,166,S1,L1,R2,8,12,1602,1061806.38
2018-11,167,S1,L1,R2,8,14,1514,903532.11
2018-11,168,S2,L3,R3,8,12,1200,807403.41
2018-11,169,S1,L2,R4,8,12,2037,1438857.96
2018-11,170,S1,L1,R2,8,12,1827,1283041.56
2018-11,171,S4,L2,R3,8,12,2461,1447084.59
2018-11,172,S1,L1,R1,8,11,1718,1006005.51
2018-11,173,S4,L2,R1,8,12,3311,2007123.3
2018-11,174,S1,L1,R4,8,12,1619,1076444.82
2018-11,175,S4,L2,R1,8,12,4993,2641087.77
2018-11,176,S4,L2,R3,8,12,2837,1764837.48
2018-11,177,S2,L1,R4,8,12,1371,968282.79
2018-11,178,S3,L2,R3,8,13,1947,1258340.73
2018-11,179,S1,L1,R2,8,11,1783,1145728.53
2018-11,180,S1,L3,R2,8,12,1649,1058259.75
2018-11,181,S3,L1,R3,8,12,2189,1171652.43
2018-11,182,S3,L1,R1,8,11,1913,1046716.2
2018-11,183,S1,L3,R1,8,12,1893,1022094.03
2018-11,184,S1,L2,R2,8,12,1838,1297009.2
2018-11,185,S1,L1,R3,8,10,1492,993882.36
2018-11,186,S2,L5,R2,8,12,996,672643.05
2018-11,187,S1,L1,R1,8,12,1519,984902.37
2018-11,188,S3,L2,R1,8,12,2176,1594395.87
2018-11,189,S2,L3,R3,8,11,1142,777251.67
2018-11,190,S3,L3,R1,8,12,2053,1040512.74
2018-11,191,S3,L1,R1,8,12,1969,1087228.26
2018-11,192,S1,L1,R3,8,14,1757,1145983.95
2018-11,193,S2,L3,R4,8,13,1084,741980.91
2018-11,194,S1,L1,R2,8,13,1669,1031942.19
2018-11,195,S4,L1,R1,8,11,2690,1377407.97
2018-11,196,S1,L1,R3,8,11,1453,1035109.35
2018-11,197,S2,L5,R1,8,13,1170,684798.24
2018-11,198,S4,L2,R3,8,12,2646,1595903.91
2018-11,199,S1,L1,R4,8,12,1483,966696.3
2018-11,200,S2,L1,R2,8,12,1418,1133802.39
2018-11,201,S4,L1,R1,8,13,2650,1333869.66
2018-11,202,S4,L2,R2,8,12,2227,1377473.22
2018-11,203,S2,L4,R2,8,12,1296,804970.53
2018-11,204,S4,L1,R3,8,12,2312,1268082.18
2018-11,205,S1,L1,R2,8,12,1699,1054972.74
2018-11,206,S1,L1,R1,8,12,2267,1503478.23
2018-11,207,S1,L1,R3,8,12,1740,1226166.36
2018-11,208,S3,L1,R1,8,12,2270,1261720.59
2018-11,209,S1,L1,R1,8,12,1430,901029.75
2018-11,210,S1,L5,R1,8,12,1215,640618.77
2018-11,211,S4,L2,R1,8,14,2826,1537914.3900000001
2018-11,212,S4,L2,R3,8,14,3510,2036469.45
2018-11,213,S1,L1,R2,8,12,2021,1201097.28
2018-11,214,S1,L1,R4,8,12,1339,890521.14
2018-11,215,S3,L2,R1,8,12,2094,1370591.73
2018-11,216,S2,L5,R1,8,13,1061,615777.33
2018-11,217,S4,L1,R1,8,11,2047,1130688.72
2018-11,218,S1,L3,R2,8,12,1447,864090.09
2018-11,219,S4,L2,R1,8,13,3558,1740627.78
2018-11,220,S2,L4,R3,8,12,1235,821478.18
2018-11,221,S1,L1,R2,8,12,1682,1046211.93
2018-11,222,S4,L2,R2,8,14,3045,1667739.15
2018-11,223,S2,L5,R2,8,12,1215,713019.9
2018-11,224,S1,L2,R2,8,12,2134,1469498.28
2018-11,225,S1,L1,R1,8,12,1563,976182.57
2018-11,226,S2,L5,R4,8,12,1015,610133.28
2018-11,227,S4,L2,R1,8,12,2321,1444489.65
2018-11,228,S1,L1,R1,8,12,1405,880229.85
2018-11,229,S1,L1,R2,8,12,1945,1160850.96
2018-11,230,S2,L4,R4,8,12,1073,741123.06
2018-11,231,S4,L2,R3,8,12,2615,1457318.73
2018-11,232,S1,L1,R4,8,12,1686,1068476.94
2018-11,233,S1,L3,R3,8,11,1240,690963.66
2018-11,234,S2,L4,R2,8,12,1223,848563.26
2018-11,235,S1,L1,R3,8,12,1654,1202872.59
2018-11,236,S1,L1,R3,8,12,1860,1223413.5
2018-11,237,S2,L3,R3,8,11,898,647504.88
2018-11,238,S1,L1,R2,8,12,1474,1006748.88
2018-11,239,S3,L1,R3,8,14,2015,1238024.46
2018-11,240,S3,L2,R3,8,14,1968,1210298.85
2018-11,241,S1,L1,R4,8,13,1665,1139175.21
2018-11,242,S4,L1,R1,8,12,2450,1242946.29
2018-11,243,S4,L2,R2,8,12,2502,1722188.46
2018-11,244,S2,L5,R4,8,12,1196,702919.71
2018-11,245,S4,L1,R2,8,12,2358,1360196.4
2018-11,246,S3,L1,R3,8,12,2040,1264299.15
2018-11,247,S1,L1,R3,8,13,1488,995199.84
2018-11,248,S1,L1,R2,8,12,1347,895064.79
2018-11,249,S1,L3,R2,8,12,1932,1051505.67
2018-11,250,S2,L3,R4,8,12,1303,904569.24
2018-11,251,S2,L3,R1,8,12,1223,795368.64
2018-11,252,S3,L2,R1,8,12,1999,1279059.6
2018-11,253,S4,L2,R1,8,13,2398,1317746.58
2018-11,254,S4,L1,R1,8,12,2103,1213344.96
2018-11,255,S3,L2,R4,8,11,1932,1278902.37
2018-11,256,S1,L2,R4,8,12,1997,1466696.49
2018-11,257,S1,L3,R1,8,11,1454,862203.06
2018-11,258,S2,L4,R4,8,12,954,612173.13
2018-11,259,S4,L1,R1,8,12,2323,1241429.04
2018-11,260,S1,L1,R4,8,12,1501,933377.46
2018-11,261,S4,L2,R1,8,12,2461,1479910.2
2018-11,262,S1,L1,R1,8,12,1528,1014782.82
2018-11,263,S1,L5,R1,8,12,1616,789986.58
2018-11,264,S3,L1,R3,8,12,1903,1199291.85
2018-11,265,S2,L4,R2,8,12,1172,702224.46
2018-11,266,S1,L1,R4,8,12,1636,1021854.3
2018-11,267,S4,L2,R1,8,12,2749,1715610.69
2018-11,268,S1,L2,R1,8,14,1803,1228547.76
2018-11,269,S1,L4,R1,8,12,1478,834297.72
2018-11,270,S1,L1,R2,8,12,1383,868612.89
2018-11,271,S1,L3,R2,8,13,1835,999214.8
2018-11,272,S2,L4,R2,8,12,1218,713855.34
2018-11,273,S2,L3,R4,8,11,1034,737315.8200000001
2018-11,274,S4,L2,R4,8,12,2561,1597501.44
2018-11,275,S4,L1,R1,8,11,2178,1222984.23
2018-11,276,S1,L1,R2,8,12,1795,1075237.41
2018-11,277,S1,L3,R1,8,13,1582,856114.08
2018-11,278,S4,L1,R4,8,13,2599,1439810.76
2018-11,279,S2,L3,R2,8,12,1205,774087.09
2018-11,280,S4,L2,R2,8,14,3024,1628550.12
2018-11,281,S1,L4,R1,8,11,1572,810322.02
2018-11,282,S1,L2,R2,8,13,1776,1342874.58
2018-11,283,S4,L1,R1,8,12,2307,1173658.95
2018-11,284,S4,L2,R3,8,12,2218,1410589.83
2018-11,285,S1,L3,R3,8,12,1261,782313.78
2018-11,286,S4,L2,R4,8,10,2909,1644592.08
2018-11,287,S1,L4,R1,8,12,1692,861323.73
2018-11,288,S3,L2,R3,8,14,2163,1378393.5
2018-11,289,S2,L5,R2,8,12,939,553157.43
2018-11,290,S1,L1,R3,8,12,1641,1023217.02
2018-11,291,S1,L3,R1,8,12,1798,972035.94
2018-11,292,S1,L1,R1,8,12,1630,1078233.78
2018-11,293,S2,L4,R2,8,13,977,637328.49
2018-11,294,S4,L2,R2,8,14,3006,1702247.88
2018-11,295,S1,L1,R1,8,12,1617,1079331.66
2018-11,296,S1,L1,R1,8,12,1613,985510.98
2018-11,297,S2,L3,R4,8,12,1227,776640.15
2018-11,298,S4,L1,R1,8,11,3386,1571700.51
2018-11,299,S1,L1,R3,8,12,1475,1049083.23
2018-11,300,S2,L5,R2,8,12,1703,910644.42
2018-11,301,S1,L3,R2,8,12,1636,954588.36
2018-11,302,S1,L4,R2,8,12,1476,793651.86
2018-11,303,S4,L2,R1,8,11,3161,1617834.6
2018-11,304,S1,L1,R4,8,13,1421,859055.58
2018-11,305,S4,L1,R1,8,12,2473,1339398.66
2018-11,306,S1,L3,R2,8,12,1330,824364.54
2018-11,307,S1,L5,R2,8,11,1346,715680.33
2018-11,308,S4,L2,R3,8,12,2506,1466486.76
2018-11,309,S1,L5,R1,8,11,1845,865929.3
2018-11,310,S2,L5,R1,8,13,1069,587337.15
2018-11,311,S4,L2,R2,8,15,2687,1499412.3900000001
2018-11,312,S4,L2,R1,8,12,4567,2379683.64
2018-11,313,S1,L3,R1,8,12,1516,909678.66
2018-11,314,S1,L1,R2,8,13,1755,1060982.61
2018-11,315,S4,L2,R1,8,12,3366,1773014.67
2018-11,316,S4,L2,R1,8,11,2088,1299413.1
2018-11,317,S3,L1,R1,8,12,2138,1138961.34
2018-11,318,S1,L3,R2,8,12,1738,1019982.87
2018-11,319,S3,L1,R2,8,12,2022,1226654.58
2018-11,320,S2,L3,R2,8,12,1113,691052.61
2018-11,321,S3,L1,R2,8,12,1873,1094115.78
2018-11,322,S2,L3,R4,8,13,1042,720853.47
2018-11,323,S1,L4,R1,8,11,1452,778685.8200000001
2018-11,324,S1,L2,R3,8,12,1752,1268220.66
2018-11,325,S3,L1,R2,8,12,1914,1215825.93
2018-11,326,S3,L1,R1,8,12,2052,1213273.2
2018-11,327,S4,L1,R3,8,12,2381,1245360.87
2018-11,328,S1,L3,R1,8,12,1327,822663.42
2018-11,329,S4,L2,R3,8,14,2290,1474946.16
2018-11,330,S4,L2,R1,8,12,2726,1532802.18
2018-11,331,S1,L1,R4,8,12,1669,1113017.82
2018-11,332,S2,L5,R1,8,12,1277,731043.72
2018-11,333,S1,L1,R3,8,12,1376,929261.61
2018-11,334,S3,L2,R2,8,12,2453,1654138.38
2018-11,335,S1,L1,R3,8,12,1591,959633.94
2018-11,336,S4,L2,R1,8,12,3087,1674627.81
2018-11,337,S4,L2,R1,8,12,5149,2799608.85
2018-11,338,S4,L2,R1,8,12,2585,1525833.99
2018-11,339,S4,L2,R1,8,12,3740,2034815.58
2018-11,340,S4,L2,R3,8,12,2357,1452876.72
2018-11,341,S1,L1,R2,8,12,1835,1087928.73
2018-11,342,S4,L1,R1,8,11,2404,1250109.81
2018-11,343,S1,L1,R2,8,13,1448,999401.85
2018-11,344,S1,L5,R1,8,12,1971,993663.9
2018-11,345,S1,L1,R3,8,13,1475,1083241.53
2018-11,346,S4,L1,R1,8,11,2787,1462389.78
2018-11,347,S1,L1,R1,8,12,1611,1008951.66
2018-11,348,S3,L1,R1,8,14,2048,1147103.19
2018-11,349,S1,L1,R4,8,12,1777,1112405.19
2018-11,350,S1,L3,R2,8,12,1545,906914.22
2018-11,351,S1,L4,R3,8,12,1358,782997.3
2018-11,352,S4,L1,R1,8,13,2221,1256127.36
2018-11,353,S1,L3,R3,8,12,1318,830778.99
2018-11,354,S4,L2,R1,8,12,3417,2097500.28
2018-11,355,S2,L4,R2,8,12,1128,770338.65
2018-11,356,S3,L3,R1,8,13,1808,929550.24
2018-11,357,S4,L1,R1,8,10,3116,1630858.47
2018-11,358,S3,L1,R1,8,12,2140,1288667.7
2018-11,359,S2,L3,R2,8,13,1094,764029.8
2018-11,360,S2,L1,R1,8,12,1342,943393.68
2018-11,361,S1,L3,R1,8,12,1457,840712.08
2018-11,362,S1,L3,R3,8,14,1505,868062.9
2018-11,363,S1,L1,R2,8,12,1919,1166572.29
2018-11,364,S2,L3,R2,8,12,1415,905257.92
2018-11,365,S2,L1,R2,8,12,1124,745116.57
2018-12,1,S1,L3,R1,2,14,1881,1164353.04
2018-12,2,S3,L1,R3,2,14,2348,1524217.08
2018-12,3,S4,L2,R1,2,14,3516,2012255.58
2018-12,4,S1,L1,R2,2,14,2043,1301262.09
2018-12,5,S1,L1,R3,2,14,2117,1427347.32
2018-12,6,S4,L1,R1,2,15,2508,1517089.41
2018-12,7,S3,L1,R3,2,15,2319,1507336.2
2018-12,8,S4,L2,R2,2,14,2764,1794811.83
2018-12,9,S1,L1,R1,2,14,1669,1154907.81
2018-12,10,S4,L2,R3,2,14,2489,1787600.28
2018-12,11,S4,L2,R1,2,14,3418,2177420.58
2018-12,12,S1,L3,R2,2,13,1890,1214481.96
2018-12,13,S3,L3,R1,2,14,2356,1349786.1
2018-12,14,S3,L2,R4,2,14,2435,1887883.08
2018-12,15,S4,L2,R1,2,11,3482,2186805.6
2018-12,16,S1,L3,R1,2,14,2013,1217038.32
2018-12,17,S1,L1,R2,2,11,2134,1307102.04
2018-12,18,S4,L1,R1,2,14,2909,1737947.16
2018-12,19,S1,L1,R3,2,11,1520,1195559.16
2018-12,20,S1,L1,R1,2,11,1727,1481083.8
2018-12,21,S3,L2,R4,2,14,2283,1633794.24
2018-12,22,S1,L1,R4,2,14,1734,1439846.52
2018-12,23,S1,L1,R4,2,11,1592,1198287.12
2018-12,24,S1,L1,R2,2,15,1796,1215254.76
2018-12,25,S1,L3,R1,2,14,1864,1149967.56
2018-12,26,S1,L1,R3,2,14,1995,1411428.39
2018-12,27,S1,L3,R3,2,15,1469,1059650.46
2018-12,28,S3,L2,R3,2,14,2507,1862987.79
2018-12,29,S1,L4,R2,2,11,1534,1001834.82
2018-12,30,S1,L2,R2,2,14,2126,1546536.66
2018-12,31,S1,L5,R2,2,15,1567,943177.02
2018-12,32,S1,L1,R2,2,11,1816,1382321.22
2018-12,33,S4,L2,R4,2,14,2791,1959093.24
2018-12,34,S1,L3,R1,2,14,1906,1138863.51
2018-12,35,S1,L1,R2,2,11,2136,1405160.19
2018-12,36,S1,L3,R4,2,15,1740,1151361.66
2018-12,37,S1,L3,R3,2,14,1470,1048855.11
2018-12,38,S1,L3,R2,2,11,1549,1102759.68
2018-12,39,S4,L1,R1,2,14,3394,1952766.36
2018-12,40,S1,L1,R4,2,11,1794,1405777.32
2018-12,41,S1,L1,R2,2,14,2098,1505866.23
2018-12,42,S1,L4,R3,2,15,1607,1040096.25
2018-12,43,S1,L1,R2,2,14,1799,1279175.73
2018-12,44,S1,L3,R2,2,11,2061,1244181.0
2018-12,45,S3,L1,R1,2,15,2437,1523165.31
2018-12,46,S2,L1,R2,2,11,1468,1171163.88
2018-12,47,S4,L2,R2,2,11,3132,1963744.5
2018-12,48,S1,L1,R2,2,11,1719,1319293.17
2018-12,49,S4,L1,R2,2,14,3015,1809841.1400000001
2018-12,50,S3,L2,R4,2,14,2306,1628449.47
2018-12,51,S1,L1,R2,2,11,1525,1109240.16
2018-12,52,S1,L1,R3,2,14,2094,1511215.8
2018-12,53,S3,L1,R2,2,15,2304,1550453.55
2018-12,54,S1,L2,R3,2,14,1829,1470132.18
2018-12,55,S1,L1,R2,2,11,2017,1340371.5
2018-12,56,S2,L5,R3,2,11,1390,926923.26
2018-12,57,S4,L1,R1,2,14,2491,1412522.34
2018-12,58,S1,L1,R1,2,17,2487,1755964.62
2018-12,59,S1,L3,R1,2,14,1723,1113645.75
2018-12,60,S1,L5,R2,2,15,1587,994729.62
2018-12,61,S1,L1,R3,2,11,2242,1485386.79
2018-12,62,S2,L5,R1,2,11,1269,850977.69
2018-12,63,S1,L1,R2,2,11,2193,1562865.99
2018-12,64,S3,L1,R2,2,11,2158,1411430.7
2018-12,65,S1,L2,R2,2,11,1818,1458432.12
2018-12,66,S3,L3,R3,2,15,2260,1347978.57
2018-12,67,S2,L5,R1,2,15,1074,685616.22
2018-12,68,S1,L2,R4,2,14,2099,1601780.64
2018-12,69,S1,L1,R4,2,11,1688,1185896.07
2018-12,70,S1,L1,R3,2,15,2216,1480142.73
2018-12,71,S2,L5,R1,2,14,1012,675386.28
2018-12,72,S1,L2,R3,2,14,2219,1688198.37
2018-12,73,S3,L2,R4,2,14,2302,1800269.4
2018-12,74,S3,L1,R2,2,15,2316,1556333.94
2018-12,75,S3,L2,R3,2,14,2417,1760433.42
2018-12,76,S2,L3,R3,2,11,1256,935588.07
2018-12,77,S2,L5,R3,2,15,1022,735195.96
2018-12,78,S1,L1,R4,2,14,1630,1229023.11
2018-12,79,S2,L5,R4,2,14,1182,852290.58
2018-12,80,S1,L1,R1,2,14,1690,1116625.29
2018-12,81,S3,L2,R1,2,14,2238,1687234.02
2018-12,82,S4,L2,R1,2,14,3490,2035483.68
2018-12,83,S2,L5,R1,2,14,823,609515.25
2018-12,84,S1,L1,R3,2,14,2030,1371498.24
2018-12,85,S4,L2,R1,2,14,3973,2416003.68
2018-12,86,S1,L1,R4,2,11,1549,1141065.93
2018-12,87,S4,L2,R3,2,14,3056,2390978.19
2018-12,88,S2,L5,R2,2,11,1087,754049.58
2018-12,89,S1,L4,R1,2,15,1616,979862.49
2018-12,90,S1,L1,R3,2,14,2042,1386448.98
2018-12,91,S3,L1,R1,2,11,2548,1723049.67
2018-12,92,S1,L4,R2,2,15,1744,1078957.74
2018-12,93,S1,L1,R4,2,14,1666,1243321.02
2018-12,94,S4,L2,R2,2,11,2643,1780298.34
2018-12,95,S3,L1,R1,2,14,2331,1409041.35
2018-12,96,S3,L1,R3,2,14,2484,1616952.3900000001
2018-12,97,S4,L1,R1,2,14,2968,1808774.88
2018-12,98,S2,L5,R2,2,14,1087,790006.05
2018-12,99,S1,L1,R3,2,16,2140,1382013.45
2018-12,100,S1,L1,R2,2,14,1759,1232397.63
2018-12,101,S1,L4,R3,2,11,1546,1015774.44
2018-12,102,S4,L2,R1,2,14,2946,1958095.8
2018-12,103,S1,L3,R3,2,14,1861,1205920.17
2018-12,104,S1,L1,R2,2,11,1844,1202909.7
2018-12,105,S4,L2,R1,2,14,2690,1757958.99
2018-12,106,S1,L1,R4,2,15,1879,1291845.96
2018-12,107,S1,L3,R3,2,15,1764,1139223.9
2018-12,108,S1,L1,R4,2,14,2028,1492395.3
2018-12,109,S1,L1,R1,2,14,2132,1411630.32
2018-12,110,S2,L3,R3,2,14,1418,1058269.2
2018-12,111,S1,L1,R2,2,14,2001,1437011.64
2018-12,112,S1,L1,R3,2,14,1755,1167602.55
2018-12,113,S2,L3,R3,2,14,1216,925357.98
2018-12,114,S3,L1,R4,2,14,2234,1534983.06
2018-12,115,S4,L2,R1,2,14,3618,2120083.86
2018-12,116,S2,L3,R3,2,14,1308,997256.13
2018-12,117,S1,L1,R3,2,14,1728,1273732.56
2018-12,118,S2,L1,R4,2,14,1373,1076858.28
2018-12,119,S1,L1,R3,2,15,2070,1401696.27
2018-12,120,S3,L2,R2,2,14,2340,1838586.93
2018-12,121,S1,L1,R4,2,14,2086,1534967.34
2018-12,122,S1,L1,R2,2,14,1742,1326789.36
2018-12,123,S4,L2,R3,2,14,2487,1818873.18
2018-12,124,S3,L2,R3,2,15,2426,1816908.12
2018-12,125,S4,L2,R1,2,14,3082,1850263.23
2018-12,126,S4,L2,R2,2,14,4599,3216958.2
2018-12,127,S4,L2,R2,2,15,3118,2051949.3599999999
2018-12,128,S1,L2,R2,2,14,1859,1369944.96
2018-12,129,S3,L1,R1,2,14,2311,1439331.63
2018-12,130,S1,L1,R3,2,11,1840,1227080.25
2018-12,131,S4,L2,R1,2,15,3822,2238851.01
2018-12,132,S1,L1,R3,2,15,2072,1456124.94
2018-12,133,S1,L1,R4,2,15,1950,1293484.56
2018-12,134,S1,L4,R1,2,14,1505,980180.13
2018-12,135,S1,L1,R4,2,14,1610,1248794.16
2018-12,136,S2,L5,R4,2,11,984,750101.1
2018-12,137,S4,L1,R1,2,14,2611,1604946.87
2018-12,138,S1,L1,R1,2,14,1713,1137818.25
2018-12,139,S4,L2,R2,2,14,3009,2011383.66
2018-12,140,S4,L1,R1,2,11,2435,1637774.97
2018-12,141,S1,L1,R2,2,11,1658,1242977.76
2018-12,142,S2,L1,R3,2,11,1346,1035134.1
2018-12,143,S3,L2,R3,2,11,2400,1887533.64
2018-12,144,S1,L3,R3,2,14,1862,1173322.23
2018-12,145,S1,L3,R1,2,14,2016,1230150.39
2018-12,146,S4,L2,R1,2,14,4905,2843542.89
2018-12,147,S4,L2,R4,2,14,3468,2125203.03
2018-12,148,S1,L1,R2,2,14,1514,1117070.19
2018-12,149,S2,L3,R2,2,14,1492,1028626.38
2018-12,150,S4,L2,R1,2,14,3582,2184896.22
2018-12,151,S1,L3,R2,2,14,1466,988841.7
2018-12,152,S2,L1,R1,2,11,1440,1165295.79
2018-12,153,S4,L2,R1,2,15,4292,2668050.54
2018-12,154,S1,L3,R2,2,15,2101,1256321.82
2018-12,155,S3,L1,R2,2,14,2079,1437822.18
2018-12,156,S1,L1,R3,2,15,2082,1509348.0
2018-12,157,S4,L2,R1,2,11,3491,2079067.92
2018-12,158,S4,L2,R2,2,12,3588,2028269.76
2018-12,159,S2,L1,R3,2,11,1261,1013973.63
2018-12,160,S4,L2,R1,2,14,5044,2899793.88
2018-12,161,S1,L1,R3,2,15,1516,1274236.02
2018-12,162,S4,L1,R2,2,14,2756,1785830.1
2018-12,163,S1,L2,R3,2,14,2171,1648030.02
2018-12,164,S1,L1,R3,2,14,1678,1260378.51
2018-12,165,S1,L1,R2,2,11,1907,1257959.52
2018-12,166,S1,L1,R2,2,11,1547,1125491.82
2018-12,167,S1,L1,R2,2,14,1651,1088455.14
2018-12,168,S2,L3,R3,2,14,1383,1036557.75
2018-12,169,S1,L2,R4,2,11,1989,1562343.78
2018-12,170,S1,L1,R2,2,11,1773,1392504.24
2018-12,171,S4,L2,R3,2,14,2857,1877153.76
2018-12,172,S1,L1,R1,2,14,2004,1303001.94
2018-12,173,S4,L2,R1,2,11,3628,2429073.69
2018-12,174,S1,L1,R4,2,11,1748,1291945.08
2018-12,175,S4,L2,R1,2,15,5907,3519778.53
2018-12,176,S4,L2,R3,2,14,3390,2336354.31
2018-12,177,S2,L1,R4,2,11,1384,1096055.22
2018-12,178,S3,L2,R3,2,14,2304,1662037.29
2018-12,179,S1,L1,R2,2,14,2210,1560276.33
2018-12,180,S1,L3,R2,2,11,1726,1232422.08
2018-12,181,S3,L1,R3,2,15,2423,1466571.27
2018-12,182,S3,L1,R1,2,14,2322,1403365.59
2018-12,183,S1,L3,R1,2,14,2208,1342654.62
2018-12,184,S1,L2,R2,2,11,1864,1464432.57
2018-12,185,S1,L1,R3,2,14,1848,1375696.2
2018-12,186,S2,L5,R2,2,11,1126,855378.51
2018-12,187,S1,L1,R1,2,11,1593,1140214.38
2018-12,188,S3,L2,R1,2,11,2118,1757836.8
2018-12,189,S2,L3,R3,2,14,1349,1027833.0
2018-12,190,S3,L3,R1,2,14,2370,1360463.7
2018-12,191,S3,L1,R1,2,11,2465,1499663.04
2018-12,192,S1,L1,R3,2,14,1978,1420968.75
2018-12,193,S2,L3,R4,2,14,1266,973602.9
2018-12,194,S1,L1,R2,2,14,2012,1397332.5
2018-12,195,S4,L1,R1,2,14,3011,1733766.45
2018-12,196,S1,L1,R3,2,14,1695,1355642.82
2018-12,197,S2,L5,R1,2,15,1384,920976.81
2018-12,198,S4,L2,R3,2,15,3083,2083537.59
2018-12,199,S1,L1,R4,2,11,1609,1186478.13
2018-12,200,S2,L1,R2,2,11,1333,1198968.81
2018-12,201,S4,L1,R1,2,15,3125,1774239.75
2018-12,202,S4,L2,R2,2,14,2690,1834701.48
2018-12,203,S2,L4,R2,2,11,1416,966216.54
2018-12,204,S4,L1,R3,2,14,2715,1670575.44
2018-12,205,S1,L1,R2,2,14,1978,1364243.76
2018-12,206,S1,L1,R1,2,11,2333,1700858.91
2018-12,207,S1,L1,R3,2,11,1753,1385834.64
2018-12,208,S3,L1,R1,2,11,2339,1434473.16
2018-12,209,S1,L1,R1,2,14,1710,1191428.64
2018-12,210,S1,L5,R1,2,14,1534,917595.12
2018-12,211,S4,L2,R1,2,14,3309,1984840.71
2018-12,212,S4,L2,R3,2,11,3152,1962671.28
2018-12,213,S1,L1,R2,2,11,2186,1439814.36
2018-12,214,S1,L1,R4,2,14,1614,1189783.14
2018-12,215,S3,L2,R1,2,14,2514,1840756.35
2018-12,216,S2,L5,R1,2,14,1240,778283.22
2018-12,217,S4,L1,R1,2,14,2413,1473778.74
2018-12,218,S1,L3,R2,2,11,1619,1062083.94
2018-12,219,S4,L2,R1,2,14,4189,2314963.08
2018-12,220,S2,L4,R3,2,11,1222,905512.05
2018-12,221,S1,L1,R2,2,11,1853,1243021.02
2018-12,222,S4,L2,R2,2,14,3461,2119501.5
2018-12,223,S2,L5,R2,2,14,1365,898867.65
2018-12,224,S1,L2,R2,2,11,2114,1627305.27
2018-12,225,S1,L1,R1,2,14,1828,1272292.83
2018-12,226,S2,L5,R4,2,15,1135,782190.12
2018-12,227,S4,L2,R1,2,11,2435,1675064.7
2018-12,228,S1,L1,R1,2,14,1582,1095126.48
2018-12,229,S1,L1,R2,2,11,1909,1241111.52
2018-12,230,S2,L4,R4,2,11,1128,871973.55
2018-12,231,S4,L2,R3,2,14,3019,1876751.76
2018-12,232,S1,L1,R4,2,11,1661,1177370.43
2018-12,233,S1,L3,R3,2,13,1373,871939.47
2018-12,234,S2,L4,R2,2,11,1151,872842.17
2018-12,235,S1,L1,R3,2,11,1652,1315868.73
2018-12,236,S1,L1,R3,2,11,1849,1346826.21
2018-12,237,S2,L3,R3,2,14,1084,862152.0
2018-12,238,S1,L1,R2,2,11,1441,1098540.0
2018-12,239,S3,L1,R3,2,14,2236,1509600.18
2018-12,240,S3,L2,R3,2,14,2382,1630767.15
2018-12,241,S1,L1,R4,2,14,1887,1427429.73
2018-12,242,S4,L1,R1,2,14,2869,1620516.51
2018-12,243,S4,L2,R2,2,11,2335,1788432.96
2018-12,244,S2,L5,R4,2,15,1340,876789.96
2018-12,245,S4,L1,R2,2,11,2699,1729213.32
2018-12,246,S3,L1,R3,2,15,2301,1605505.08
2018-12,247,S1,L1,R3,2,14,1645,1225346.37
2018-12,248,S1,L1,R2,2,14,1612,1187032.47
2018-12,249,S1,L3,R2,2,14,2221,1352054.76
2018-12,250,S2,L3,R4,2,11,1244,950111.22
2018-12,251,S2,L3,R1,2,14,1441,1036544.34
2018-12,252,S3,L2,R1,2,14,2429,1743916.38
2018-12,253,S4,L2,R1,2,15,2845,1783028.52
2018-12,254,S4,L1,R1,2,14,2486,1615057.29
2018-12,255,S3,L2,R4,2,14,2200,1638010.14
2018-12,256,S1,L2,R4,2,11,2021,1650558.24
2018-12,257,S1,L3,R1,2,14,1666,1066786.53
2018-12,258,S2,L4,R4,2,14,1143,829716.51
2018-12,259,S4,L1,R1,2,11,2711,1596742.32
2018-12,260,S1,L1,R4,2,14,1727,1197389.43
2018-12,261,S4,L2,R1,2,14,2868,1907731.95
2018-12,262,S1,L1,R1,2,14,1837,1346461.14
2018-12,263,S1,L5,R1,2,15,1837,1026027.36
2018-12,264,S3,L1,R3,2,14,2190,1530422.13
2018-12,265,S2,L4,R2,2,11,1176,790001.97
2018-12,266,S1,L1,R4,2,11,1666,1160866.38
2018-12,267,S4,L2,R1,2,11,2936,2027820.75
2018-12,268,S1,L2,R1,2,14,1912,1449213.21
2018-12,269,S1,L4,R1,2,11,1576,994799.58
2018-12,270,S1,L1,R2,2,14,1769,1266196.35
2018-12,271,S1,L3,R2,2,15,2094,1283047.5
2018-12,272,S2,L4,R2,2,14,1447,961124.79
2018-12,273,S2,L3,R4,2,14,1250,989005.89
2018-12,274,S4,L2,R4,2,14,2866,1975672.98
2018-12,275,S4,L1,R1,2,17,2469,1569582.36
2018-12,276,S1,L1,R2,2,14,2097,1384156.68
2018-12,277,S1,L3,R1,2,14,1864,1121513.28
2018-12,278,S4,L1,R4,2,14,2907,1787564.07
2018-12,279,S2,L3,R2,2,11,1331,975056.7
2018-12,280,S4,L2,R2,2,14,3512,2079607.38
2018-12,281,S1,L4,R1,2,14,1914,1106284.32
2018-12,282,S1,L2,R2,2,14,2080,1747520.19
2018-12,283,S4,L1,R1,2,15,2733,1553248.95
2018-12,284,S4,L2,R3,2,14,2799,1921127.85
2018-12,285,S1,L3,R3,2,14,1449,998576.28
2018-12,286,S4,L2,R4,2,17,3309,2106155.13
2018-12,287,S1,L4,R1,2,14,2015,1144060.68
2018-12,288,S3,L2,R3,2,14,2454,1745857.44
2018-12,289,S2,L5,R2,2,14,1046,672943.05
2018-12,290,S1,L1,R3,2,11,1784,1246138.68
2018-12,291,S1,L3,R1,2,11,2056,1236431.28
2018-12,292,S1,L1,R1,2,11,1618,1197227.34
2018-12,293,S2,L4,R2,2,14,1191,870755.25
2018-12,294,S4,L2,R2,2,14,3616,2245414.26
2018-12,295,S1,L1,R1,2,11,1585,1195125.27
2018-12,296,S1,L1,R1,2,11,1814,1206785.1
2018-12,297,S2,L3,R4,2,14,1472,1036965.9
2018-12,298,S4,L1,R1,2,14,4158,2130645.54
2018-12,299,S1,L1,R3,2,14,1795,1421366.55
2018-12,300,S2,L5,R2,2,12,2059,1202884.92
2018-12,301,S1,L3,R2,2,11,1804,1156226.82
2018-12,302,S1,L4,R2,2,14,1755,1054878.9
2018-12,303,S4,L2,R1,2,14,3600,2089393.77
2018-12,304,S1,L1,R4,2,15,1772,1208553.72
2018-12,305,S4,L1,R1,2,14,3025,1812625.8
2018-12,306,S1,L3,R2,2,14,1577,1082369.7
2018-12,307,S1,L5,R2,2,14,1637,974867.28
2018-12,308,S4,L2,R3,2,14,2915,1883733.18
2018-12,309,S1,L5,R1,2,14,1989,1049316.33
2018-12,310,S2,L5,R1,2,14,1318,813188.4
2018-12,311,S4,L2,R2,2,12,3147,1921033.65
2018-12,312,S4,L2,R1,2,11,5129,2970179.34
2018-12,313,S1,L3,R1,2,11,1608,1055861.31
2018-12,314,S1,L1,R2,2,15,2054,1385455.02
2018-12,315,S4,L2,R1,2,14,3975,2317433.7
2018-12,316,S4,L2,R1,2,14,2411,1676881.86
2018-12,317,S3,L1,R1,2,14,2618,1562622.78
2018-12,318,S1,L3,R2,2,11,2107,1352535.84
2018-12,319,S3,L1,R2,2,15,2331,1581985.8900000001
2018-12,320,S2,L3,R2,2,14,1318,905061.24
2018-12,321,S3,L1,R2,2,15,2186,1440584.76
2018-12,322,S2,L3,R4,2,14,1223,947134.56
2018-12,323,S1,L4,R1,2,14,1726,1047124.5
2018-12,324,S1,L2,R3,2,15,2058,1683475.86
2018-12,325,S3,L1,R2,2,11,2065,1458012.18
2018-12,326,S3,L1,R1,2,14,2422,1588211.82
2018-12,327,S4,L1,R3,2,15,2754,1623656.88
2018-12,328,S1,L3,R1,2,11,1513,1044916.98
2018-12,329,S4,L2,R3,2,14,2501,1786384.44
2018-12,330,S4,L2,R1,2,14,3354,2063077.14
2018-12,331,S1,L1,R4,2,11,1653,1223014.68
2018-12,332,S2,L5,R1,2,14,1457,944814.3
2018-12,333,S1,L1,R3,2,14,1616,1211982.24
2018-12,334,S3,L2,R2,2,11,2433,1819382.67
2018-12,335,S1,L1,R3,2,15,1874,1272728.46
2018-12,336,S4,L2,R1,2,14,3682,2261794.35
2018-12,337,S4,L2,R1,2,11,5797,3490494.33
2018-12,338,S4,L2,R1,2,15,2939,1952557.41
2018-12,339,S4,L2,R1,2,14,3237,1948620.9
2018-12,340,S4,L2,R3,2,14,2792,1915003.41
2018-12,341,S1,L1,R2,2,11,2134,1377259.29
2018-12,342,S4,L1,R1,2,14,2761,1620429.3
2018-12,343,S1,L1,R2,2,15,1727,1342577.82
2018-12,344,S1,L5,R1,2,11,2119,1176334.26
2018-12,345,S1,L1,R3,2,14,1720,1421513.04
2018-12,346,S4,L1,R1,2,14,3179,1872132.99
2018-12,347,S1,L1,R1,2,14,1878,1317137.7
2018-12,348,S3,L1,R1,2,14,2377,1486891.56
2018-12,349,S1,L1,R4,2,14,2109,1481349.24
2018-12,350,S1,L3,R2,2,15,1743,1150108.32
2018-12,351,S1,L4,R3,2,14,1602,1042343.4
2018-12,352,S4,L1,R1,2,14,2752,1757518.05
2018-12,353,S1,L3,R3,2,14,1562,1088843.13
2018-12,354,S4,L2,R1,2,11,3797,2594438.19
2018-12,355,S2,L4,R2,2,11,1126,844506.87
2018-12,356,S3,L3,R1,2,15,2234,1283626.2
2018-12,357,S4,L1,R1,2,15,3869,2265430.8
2018-12,358,S3,L1,R1,2,11,2313,1554490.86
2018-12,359,S2,L3,R2,2,14,1238,967214.34
2018-12,360,S2,L1,R1,2,11,1375,1067061.69
2018-12,361,S1,L3,R1,2,14,1692,1080579.99
2018-12,362,S1,L3,R3,2,14,1726,1092986.22
2018-12,363,S1,L1,R2,2,11,2009,1321504.98
2018-12,364,S2,L3,R2,2,11,1515,1093376.85
2018-12,365,S2,L1,R2,2,14,1441,1075112.88
2019-01,1,S1,L3,R1,5,14,1821,1125798.75
2019-01,2,S3,L1,R3,5,13,2418,1560635.28
2019-01,3,S4,L2,R1,5,14,3559,2015423.94
2019-01,4,S1,L1,R2,5,13,2039,1294521.96
2019-01,5,S1,L1,R3,5,14,2111,1401090.81
2019-01,6,S4,L1,R1,5,13,2593,1545244.74
2019-01,7,S3,L1,R3,5,13,2268,1444844.67
2019-01,8,S4,L2,R2,5,12,2616,1677497.55
2019-01,9,S1,L1,R1,5,13,1704,1186000.08
2019-01,10,S4,L2,R3,5,13,2567,1835071.08
2019-01,11,S4,L2,R1,5,13,3518,2219040.45
2019-01,12,S1,L3,R2,5,15,1963,1267100.88
2019-01,13,S3,L3,R1,5,13,2346,1315732.62
2019-01,14,S3,L2,R4,5,13,2339,1824462.21
2019-01,15,S4,L2,R1,5,14,3542,2172172.47
2019-01,16,S1,L3,R1,5,13,2030,1230999.9
2019-01,17,S1,L1,R2,5,14,2061,1255070.91
2019-01,18,S4,L1,R1,5,14,2885,1692163.77
2019-01,19,S1,L1,R3,5,14,1483,1142048.34
2019-01,20,S1,L1,R1,5,14,1627,1352869.2
2019-01,21,S3,L2,R4,5,15,2316,1609550.43
2019-01,22,S1,L1,R4,5,13,1588,1300148.49
2019-01,23,S1,L1,R4,5,14,1516,1121388.36
2019-01,24,S1,L1,R2,5,13,1833,1207755.06
2019-01,25,S1,L3,R1,5,13,1919,1177015.02
2019-01,26,S1,L1,R3,5,14,2064,1437263.82
2019-01,27,S1,L3,R3,5,13,1383,981585.45
2019-01,28,S3,L2,R3,5,13,2483,1830210.84
2019-01,29,S1,L4,R2,5,14,1446,923214.33
2019-01,30,S1,L2,R2,5,13,2117,1515916.23
2019-01,31,S1,L5,R2,5,13,1535,892629.24
2019-01,32,S1,L1,R2,5,14,1752,1305271.11
2019-01,33,S4,L2,R4,5,13,2802,1940034.36
2019-01,34,S1,L3,R1,5,13,2003,1204887.87
2019-01,35,S1,L1,R2,5,14,1970,1274406.27
2019-01,36,S1,L3,R4,5,13,1607,1029958.11
2019-01,37,S1,L3,R3,5,13,1480,1054476.87
2019-01,38,S1,L3,R2,5,14,1452,1011373.56
2019-01,39,S4,L1,R1,5,14,3487,1981197.9
2019-01,40,S1,L1,R4,5,14,1663,1284227.52
2019-01,41,S1,L1,R2,5,13,2007,1402008.42
2019-01,42,S1,L4,R3,5,13,1503,948861.1799999999
2019-01,43,S1,L1,R2,5,13,1825,1282319.1
2019-01,44,S1,L3,R2,5,14,1989,1190565.69
2019-01,45,S3,L1,R1,5,13,2386,1473819.6
2019-01,46,S2,L1,R2,5,14,1419,1098488.58
2019-01,47,S4,L2,R2,5,14,2942,1816129.08
2019-01,48,S1,L1,R2,5,14,1607,1203531.6
2019-01,49,S4,L1,R2,5,13,3049,1791105.6
2019-01,50,S3,L2,R4,5,13,2297,1619286.33
2019-01,51,S1,L1,R2,5,14,1459,1046287.44
2019-01,52,S1,L1,R3,5,13,2140,1530501.87
2019-01,53,S3,L1,R2,5,13,2345,1537361.73
2019-01,54,S1,L2,R3,5,13,1805,1433214.78
2019-01,55,S1,L1,R2,5,14,1790,1169250.0
2019-01,56,S2,L5,R3,5,14,1308,855432.9
2019-01,57,S4,L1,R1,5,13,2562,1464881.97
2019-01,58,S1,L1,R1,5,11,2344,1619900.58
2019-01,59,S1,L3,R1,5,13,1803,1171008.69
2019-01,60,S1,L5,R2,5,13,1482,901876.02
2019-01,61,S1,L1,R3,5,14,2059,1342478.97
2019-01,62,S2,L5,R1,5,14,1187,782639.22
2019-01,63,S1,L1,R2,5,14,1952,1358277.66
2019-01,64,S3,L1,R2,5,14,2215,1415914.8
2019-01,65,S1,L2,R2,5,14,1754,1387502.37
2019-01,66,S3,L3,R3,5,13,2284,1342809.12
2019-01,67,S2,L5,R1,5,13,1045,658112.76
2019-01,68,S1,L2,R4,5,13,2109,1599196.35
2019-01,69,S1,L1,R4,5,14,1590,1086592.32
2019-01,70,S1,L1,R3,5,10,1761,1155367.8
2019-01,71,S2,L5,R1,5,13,1084,733384.02
2019-01,72,S1,L2,R3,5,13,2159,1639254.57
2019-01,73,S3,L2,R4,5,13,2320,1772887.41
2019-01,74,S3,L1,R2,5,13,2437,1613067.12
2019-01,75,S3,L2,R3,5,13,2423,1773252.6
2019-01,76,S2,L3,R3,5,14,1199,888154.56
2019-01,77,S2,L5,R3,5,13,970,685149.18
2019-01,78,S1,L1,R4,5,13,1537,1104880.6199999999
2019-01,79,S2,L5,R4,5,13,1113,774369.27
2019-01,80,S1,L1,R1,5,13,1708,1124798.97
2019-01,81,S3,L2,R1,5,13,2202,1641076.29
2019-01,82,S4,L2,R1,5,14,3506,2030697.69
2019-01,83,S2,L5,R1,5,13,852,623070.18
2019-01,84,S1,L1,R3,5,13,2085,1396904.46
2019-01,85,S4,L2,R1,5,13,4025,2427488.49
2019-01,86,S1,L1,R4,5,14,1525,1079945.7
2019-01,87,S4,L2,R3,5,13,3167,2447712.78
2019-01,88,S2,L5,R2,5,14,1112,765037.26
2019-01,89,S1,L4,R1,5,13,1497,885814.05
2019-01,90,S1,L1,R3,5,13,1931,1273849.32
2019-01,91,S3,L1,R1,5,14,2451,1630909.02
2019-01,92,S1,L4,R2,5,13,1654,995218.26
2019-01,93,S1,L1,R4,5,13,1712,1257609.06
2019-01,94,S4,L2,R2,5,14,2609,1710390.33
2019-01,95,S3,L1,R1,5,13,2178,1316155.35
2019-01,96,S3,L1,R3,5,13,2329,1486936.65
2019-01,97,S4,L1,R1,5,13,2911,1757426.46
2019-01,98,S2,L5,R2,5,13,1039,743852.79
2019-01,99,S1,L1,R3,5,12,2115,1350549.69
2019-01,100,S1,L1,R2,5,13,1689,1157895.03
2019-01,101,S1,L4,R3,5,14,1436,924694.38
2019-01,102,S4,L2,R1,5,13,2947,1948060.98
2019-01,103,S1,L3,R3,5,13,1871,1195296.3900000001
2019-01,104,S1,L1,R2,5,14,1772,1135603.95
2019-01,105,S4,L2,R1,5,14,2713,1717218.57
2019-01,106,S1,L1,R4,5,13,1799,1218636.15
2019-01,107,S1,L3,R3,5,13,1803,1143617.01
2019-01,108,S1,L1,R4,5,13,2053,1510681.02
2019-01,109,S1,L1,R1,5,13,2107,1398851.19
2019-01,110,S2,L3,R3,5,13,1394,1033167.5700000001
2019-01,111,S1,L1,R2,5,13,2012,1424963.04
2019-01,112,S1,L1,R3,5,13,1796,1174233.09
2019-01,113,S2,L3,R3,5,13,1274,978637.3200000001
2019-01,114,S3,L1,R4,5,13,2308,1546650.54
2019-01,115,S4,L2,R1,5,14,3618,2092977.27
2019-01,116,S2,L3,R3,5,13,1302,983536.71
2019-01,117,S1,L1,R3,5,13,1702,1257806.67
2019-01,118,S2,L1,R4,5,13,1441,1135163.76
2019-01,119,S1,L1,R3,5,13,2075,1375554.21
2019-01,120,S3,L2,R2,5,13,2409,1931994.06
2019-01,121,S1,L1,R4,5,13,2108,1550401.02
2019-01,122,S1,L1,R2,5,13,1695,1272676.77
2019-01,123,S4,L2,R3,5,13,2462,1775054.28
2019-01,124,S3,L2,R3,5,13,2188,1619556.54
2019-01,125,S4,L2,R1,5,14,3020,1809490.14
2019-01,126,S4,L2,R2,5,13,4450,3046658.55
2019-01,127,S4,L2,R2,5,13,3040,1959628.14
2019-01,128,S1,L2,R2,5,13,2044,1526893.65
2019-01,129,S3,L1,R1,5,13,2374,1476101.61
2019-01,130,S1,L1,R3,5,14,1689,1116273.93
2019-01,131,S4,L2,R1,5,13,3946,2280684.33
2019-01,132,S1,L1,R3,5,13,1974,1371473.7
2019-01,133,S1,L1,R4,5,13,1958,1264420.98
2019-01,134,S1,L4,R1,5,13,1588,1016913.54
2019-01,135,S1,L1,R4,5,13,1596,1229027.28
2019-01,136,S2,L5,R4,5,14,953,708864.39
2019-01,137,S4,L1,R1,5,13,2581,1566924.57
2019-01,138,S1,L1,R1,5,13,1766,1193264.97
2019-01,139,S4,L2,R2,5,14,3161,2027521.26
2019-01,140,S4,L1,R1,5,14,2341,1639596.66
2019-01,141,S1,L1,R2,5,14,1602,1169966.19
2019-01,142,S2,L1,R3,5,14,1292,984393.96
2019-01,143,S3,L2,R3,5,14,2269,1742459.01
2019-01,144,S1,L3,R3,5,13,1980,1256355.69
2019-01,145,S1,L3,R1,5,13,2065,1245214.77
2019-01,146,S4,L2,R1,5,13,4805,2777279.73
2019-01,147,S4,L2,R4,5,13,3483,2088274.92
2019-01,148,S1,L1,R2,5,13,1426,1038455.04
2019-01,149,S2,L3,R2,5,14,1457,1004449.3200000001
2019-01,150,S4,L2,R1,5,14,3574,2165979.0
2019-01,151,S1,L3,R2,5,13,1533,1031856.0
2019-01,152,S2,L1,R1,5,14,1365,1066568.82
2019-01,153,S4,L2,R1,5,13,4335,2675789.01
2019-01,154,S1,L3,R2,5,13,1985,1155754.86
2019-01,155,S3,L1,R2,5,14,2155,1452235.2
2019-01,156,S1,L1,R3,5,13,1984,1374081.9
2019-01,157,S4,L2,R1,5,14,3413,2011972.86
2019-01,158,S4,L2,R2,5,15,3483,1918922.61
2019-01,159,S2,L1,R3,5,14,1205,944892.75
2019-01,160,S4,L2,R1,5,13,4929,2804776.53
2019-01,161,S1,L1,R3,5,13,1509,1218691.14
2019-01,162,S4,L1,R2,5,13,2838,1808764.83
2019-01,163,S1,L2,R3,5,13,2164,1626867.42
2019-01,164,S1,L1,R3,5,13,1571,1133280.93
2019-01,165,S1,L1,R2,5,14,1782,1153213.08
2019-01,166,S1,L1,R2,5,14,1491,1067422.95
2019-01,167,S1,L1,R2,5,14,1697,1088142.75
2019-01,168,S2,L3,R3,5,13,1411,1054381.38
2019-01,169,S1,L2,R4,5,14,1859,1417393.29
2019-01,170,S1,L1,R2,5,14,1666,1279202.73
2019-01,171,S4,L2,R3,5,13,2956,1952508.03
2019-01,172,S1,L1,R1,5,13,2032,1320599.19
2019-01,173,S4,L2,R1,5,14,3563,2338457.34
2019-01,174,S1,L1,R4,5,14,1663,1196453.19
2019-01,175,S4,L2,R1,5,13,5849,3377544.18
2019-01,176,S4,L2,R3,5,13,3349,2285675.82
2019-01,177,S2,L1,R4,5,14,1357,1041357.39
2019-01,178,S3,L2,R3,5,13,2143,1493569.05
2019-01,179,S1,L1,R2,5,13,2121,1486550.22
2019-01,180,S1,L3,R2,5,14,1543,1068559.17
2019-01,181,S3,L1,R3,5,13,2277,1357218.15
2019-01,182,S3,L1,R1,5,13,2325,1405679.76
2019-01,183,S1,L3,R1,5,13,2224,1338256.65
2019-01,184,S1,L2,R2,5,14,1754,1348571.67
2019-01,185,S1,L1,R3,5,15,1873,1392192.36
2019-01,186,S2,L5,R2,5,14,1066,778734.42
2019-01,187,S1,L1,R1,5,14,1462,1021425.45
2019-01,188,S3,L2,R1,5,14,2124,1684126.8599999999
2019-01,189,S2,L3,R3,5,13,1364,1037427.66
2019-01,190,S3,L3,R1,5,13,2407,1374104.1
2019-01,191,S3,L1,R1,5,14,2383,1427433.15
2019-01,192,S1,L1,R3,5,14,1976,1406869.14
2019-01,193,S2,L3,R4,5,13,1247,929232.33
2019-01,194,S1,L1,R2,5,13,1880,1271510.49
2019-01,195,S4,L1,R1,5,13,3075,1797681.42
2019-01,196,S1,L1,R3,5,13,1695,1348525.8
2019-01,197,S2,L5,R1,5,13,1365,891645.39
2019-01,198,S4,L2,R3,5,13,2885,1888253.52
2019-01,199,S1,L1,R4,5,14,1539,1111950.66
2019-01,200,S2,L1,R2,5,14,1286,1125919.71
2019-01,201,S4,L1,R1,5,13,3208,1788466.38
2019-01,202,S4,L2,R2,5,13,2726,1848114.48
2019-01,203,S2,L4,R2,5,14,1388,929635.8
2019-01,204,S4,L1,R3,5,13,2791,1712316.48
2019-01,205,S1,L1,R2,5,13,1957,1325619.18
2019-01,206,S1,L1,R1,5,14,2300,1629297.18
2019-01,207,S1,L1,R3,5,14,1698,1294292.82
2019-01,208,S3,L1,R1,5,14,2164,1309469.76
2019-01,209,S1,L1,R1,5,13,1757,1216318.02
2019-01,210,S1,L5,R1,5,13,1530,909198.48
2019-01,211,S4,L2,R1,5,14,3308,1972845.12
2019-01,212,S4,L2,R3,5,17,3357,2143381.89
2019-01,213,S1,L1,R2,5,14,2139,1379206.47
2019-01,214,S1,L1,R4,5,13,1610,1187013.75
2019-01,215,S3,L2,R1,5,13,2383,1756150.89
2019-01,216,S2,L5,R1,5,13,1213,758271.15
2019-01,217,S4,L1,R1,5,13,2594,1585564.62
2019-01,218,S1,L3,R2,5,14,1522,970775.1
2019-01,219,S4,L2,R1,5,13,3946,2164883.97
2019-01,220,S2,L4,R3,5,14,1181,848444.91
2019-01,221,S1,L1,R2,5,14,1776,1158596.46
2019-01,222,S4,L2,R2,5,14,3141,1895863.05
2019-01,223,S2,L5,R2,5,14,1359,883764.96
2019-01,224,S1,L2,R2,5,14,2046,1529158.08
2019-01,225,S1,L1,R1,5,13,1733,1198023.12
2019-01,226,S2,L5,R4,5,13,1075,723002.07
2019-01,227,S4,L2,R1,5,14,2381,1599688.38
2019-01,228,S1,L1,R1,5,13,1631,1109778.24
2019-01,229,S1,L1,R2,5,14,1851,1176347.88
2019-01,230,S2,L4,R4,5,14,1117,860908.77
2019-01,231,S4,L2,R3,5,13,3129,1917268.74
2019-01,232,S1,L1,R4,5,14,1607,1114777.86
2019-01,233,S1,L3,R3,5,14,1312,829512.84
2019-01,234,S2,L4,R2,5,14,1116,824636.61
2019-01,235,S1,L1,R3,5,14,1520,1176898.35
2019-01,236,S1,L1,R3,5,14,1810,1293435.84
2019-01,237,S2,L3,R3,5,13,1085,861609.3
2019-01,238,S1,L1,R2,5,14,1378,1032821.52
2019-01,239,S3,L1,R3,5,14,2192,1454147.88
2019-01,240,S3,L2,R3,5,14,2356,1577705.22
2019-01,241,S1,L1,R4,5,13,1863,1391439.63
2019-01,242,S4,L1,R1,5,13,2917,1632554.34
2019-01,243,S4,L2,R2,5,14,2294,1712163.54
2019-01,244,S2,L5,R4,5,13,1285,814428.36
2019-01,245,S4,L1,R2,5,14,2692,1674310.26
2019-01,246,S3,L1,R3,5,13,2150,1444450.59
2019-01,247,S1,L1,R3,5,13,1578,1150151.94
2019-01,248,S1,L1,R2,5,13,1636,1216753.14
2019-01,249,S1,L3,R2,5,13,2247,1367380.98
2019-01,250,S2,L3,R4,5,14,1202,898918.29
2019-01,251,S2,L3,R1,5,13,1478,1061209.26
2019-01,252,S3,L2,R1,5,13,2447,1736443.8900000001
2019-01,253,S4,L2,R1,5,13,2877,1761048.24
2019-01,254,S4,L1,R1,5,13,2538,1636332.27
2019-01,255,S3,L2,R4,5,13,2284,1694155.53
2019-01,256,S1,L2,R4,5,14,1898,1510028.6099999999
2019-01,257,S1,L3,R1,5,13,1728,1119331.56
2019-01,258,S2,L4,R4,5,13,1154,828839.67
2019-01,259,S4,L1,R1,5,14,2609,1509968.64
2019-01,260,S1,L1,R4,5,13,1733,1208643.15
2019-01,261,S4,L2,R1,5,13,2900,1921597.65
2019-01,262,S1,L1,R1,5,13,1829,1331114.52
2019-01,263,S1,L5,R1,5,13,1798,977938.5
2019-01,264,S3,L1,R3,5,13,2264,1570304.7
2019-01,265,S2,L4,R2,5,14,1088,715871.07
2019-01,266,S1,L1,R4,5,14,1987,1355347.86
2019-01,267,S4,L2,R1,5,14,2951,2001523.62
2019-01,268,S1,L2,R1,5,14,2002,1466995.59
2019-01,269,S1,L4,R1,5,14,1677,1030925.04
2019-01,270,S1,L1,R2,5,13,1711,1203210.51
2019-01,271,S1,L3,R2,5,13,2117,1281708.06
2019-01,272,S2,L4,R2,5,13,1486,975251.22
2019-01,273,S2,L3,R4,5,13,1178,925040.13
2019-01,274,S4,L2,R4,5,13,2903,2012554.74
2019-01,275,S4,L1,R1,5,11,2350,1468289.58
2019-01,276,S1,L1,R2,5,13,2110,1386765.51
2019-01,277,S1,L3,R1,5,13,1881,1116589.8
2019-01,278,S4,L1,R4,5,13,2920,1755434.46
2019-01,279,S2,L3,R2,5,14,1278,908867.73
2019-01,280,S4,L2,R2,5,14,3410,1998728.55
2019-01,281,S1,L4,R1,5,13,1977,1153175.94
2019-01,282,S1,L2,R2,5,13,1995,1649547.72
2019-01,283,S4,L1,R1,5,13,2686,1492462.62
2019-01,284,S4,L2,R3,5,13,2791,1939497.0
2019-01,285,S1,L3,R3,5,13,1474,1014224.37
2019-01,286,S4,L2,R4,5,11,3179,2046950.16
2019-01,287,S1,L4,R1,5,13,2099,1194267.42
2019-01,288,S3,L2,R3,5,14,2397,1655896.23
2019-01,289,S2,L5,R2,5,13,1091,702921.96
2019-01,290,S1,L1,R3,5,14,1676,1146525.9
2019-01,291,S1,L3,R1,5,14,2019,1219074.84
2019-01,292,S1,L1,R1,5,14,1511,1083287.7
2019-01,293,S2,L4,R2,5,13,1126,804174.09
2019-01,294,S4,L2,R2,5,14,3637,2227106.37
2019-01,295,S1,L1,R1,5,14,1567,1149821.79
2019-01,296,S1,L1,R1,5,14,1768,1164510.42
2019-01,297,S2,L3,R4,5,13,1443,1001696.52
2019-01,298,S4,L1,R1,5,14,4462,2278088.43
2019-01,299,S1,L1,R3,5,13,1795,1415802.33
2019-01,300,S2,L5,R2,5,12,1575,934822.59
2019-01,301,S1,L3,R2,5,14,1723,1091191.5
2019-01,302,S1,L4,R2,5,13,1758,1050905.49
2019-01,303,S4,L2,R1,5,13,3631,2095413.03
2019-01,304,S1,L1,R4,5,13,1731,1157381.16
2019-01,305,S4,L1,R1,5,13,3043,1809993.27
2019-01,306,S1,L3,R2,5,13,1527,1050253.11
2019-01,307,S1,L5,R2,5,13,1719,1027721.16
2019-01,308,S4,L2,R3,5,13,2920,1867332.45
2019-01,309,S1,L5,R1,5,13,1892,1015730.58
2019-01,310,S2,L5,R1,5,13,1216,736482.36
2019-01,311,S4,L2,R2,5,16,3108,1914744.66
2019-01,312,S4,L2,R1,5,14,4806,2765600.49
2019-01,313,S1,L3,R1,5,14,1566,1013842.5
2019-01,314,S1,L1,R2,5,13,2020,1343257.56
2019-01,315,S4,L2,R1,5,13,3893,2266004.55
2019-01,316,S4,L2,R1,5,13,2568,1776914.79
2019-01,317,S3,L1,R1,5,13,2579,1513410.39
2019-01,318,S1,L3,R2,5,14,1786,1143121.5
2019-01,319,S3,L1,R2,5,13,2269,1511184.84
2019-01,320,S2,L3,R2,5,13,1355,919045.74
2019-01,321,S3,L1,R2,5,13,2133,1360636.86
2019-01,322,S2,L3,R4,5,13,1261,954928.98
2019-01,323,S1,L4,R1,5,13,1754,1071737.97
2019-01,324,S1,L2,R3,5,13,2044,1624677.3
2019-01,325,S3,L1,R2,5,14,2004,1380266.07
2019-01,326,S3,L1,R1,5,13,2476,1629611.73
2019-01,327,S4,L1,R3,5,13,2773,1606769.7
2019-01,328,S1,L3,R1,5,14,1396,940880.67
2019-01,329,S4,L2,R3,5,14,2565,1790716.65
2019-01,330,S4,L2,R1,5,13,3364,2068078.8
2019-01,331,S1,L1,R4,5,14,1589,1148311.17
2019-01,332,S2,L5,R1,5,13,1458,939021.39
2019-01,333,S1,L1,R3,5,13,1606,1194137.91
2019-01,334,S3,L2,R2,5,14,2307,1679979.51
2019-01,335,S1,L1,R3,5,13,1894,1253192.13
2019-01,336,S4,L2,R1,5,13,3827,2316383.61
2019-01,337,S4,L2,R1,5,14,5276,3147878.16
2019-01,338,S4,L2,R1,5,13,2905,1883737.17
2019-01,339,S4,L2,R1,5,13,3214,1916117.25
2019-01,340,S4,L2,R3,5,13,2890,1941155.31
2019-01,341,S1,L1,R2,5,14,2099,1321917.9
2019-01,342,S4,L1,R1,5,13,2900,1706923.11
2019-01,343,S1,L1,R2,5,13,1741,1332619.08
2019-01,344,S1,L5,R1,5,14,1976,1063951.56
2019-01,345,S1,L1,R3,5,13,1663,1347206.16
2019-01,346,S4,L1,R1,5,13,3301,1952648.52
2019-01,347,S1,L1,R1,5,13,1933,1349240.94
2019-01,348,S3,L1,R1,5,14,2317,1399676.13
2019-01,349,S1,L1,R4,5,13,2010,1402835.04
2019-01,350,S1,L3,R2,5,13,1775,1139428.02
2019-01,351,S1,L4,R3,5,13,1610,1018528.89
2019-01,352,S4,L1,R1,5,13,2610,1643281.17
2019-01,353,S1,L3,R3,5,13,1505,1053327.21
2019-01,354,S4,L2,R1,5,14,3693,2463135.21
2019-01,355,S2,L4,R2,5,14,1139,835287.18
2019-01,356,S3,L3,R1,5,13,2196,1256937.45
2019-01,357,S4,L1,R1,5,10,3069,1796310.3
2019-01,358,S3,L1,R1,5,14,2263,1486669.47
2019-01,359,S2,L3,R2,5,13,1228,949124.1
2019-01,360,S2,L1,R1,5,14,1336,1005817.08
2019-01,361,S1,L3,R1,5,13,1678,1073838.93
2019-01,362,S1,L3,R3,5,14,1753,1095824.64
2019-01,363,S1,L1,R2,5,14,2003,1273897.11
2019-01,364,S2,L3,R2,5,14,1409,971154.3
2019-01,365,S2,L1,R2,5,13,1514,1114668.3
2019-02,1,S1,L3,R1,2,10,1666,931174.8
2019-02,2,S3,L1,R3,2,13,2155,1240213.92
2019-02,3,S4,L2,R1,2,10,3196,1617429.66
2019-02,4,S1,L1,R2,2,13,1897,1080367.2
2019-02,5,S1,L1,R3,2,10,1842,1114054.32
2019-02,6,S4,L1,R1,2,11,2060,1101678.45
2019-02,7,S3,L1,R3,2,11,1943,1106571.75
2019-02,8,S4,L2,R2,2,14,2472,1398591.57
2019-02,9,S1,L1,R1,2,14,1510,927353.76
2019-02,10,S4,L2,R3,2,13,2311,1474237.74
2019-02,11,S4,L2,R1,2,13,3086,1744770.12
2019-02,12,S1,L3,R2,2,10,1639,928839.63
2019-02,13,S3,L3,R1,2,14,2169,1106817.72
2019-02,14,S3,L2,R4,2,13,2116,1458386.34
2019-02,15,S4,L2,R1,2,12,3114,1720658.22
2019-02,16,S1,L3,R1,2,13,1832,979062.69
2019-02,17,S1,L1,R2,2,12,1800,966070.05
2019-02,18,S4,L1,R1,2,10,2612,1377109.5
2019-02,19,S1,L1,R3,2,12,1403,968281.8
2019-02,20,S1,L1,R1,2,12,1516,1105089.93
2019-02,21,S3,L2,R4,2,10,1958,1208507.16
2019-02,22,S1,L1,R4,2,12,1333,987150.18
2019-02,23,S1,L1,R4,2,12,1390,906886.32
2019-02,24,S1,L1,R2,2,11,1571,927690.12
2019-02,25,S1,L3,R1,2,14,1623,907941.9
2019-02,26,S1,L1,R3,2,10,1765,1094661.42
2019-02,27,S1,L3,R3,2,12,1272,803826.78
2019-02,28,S3,L2,R3,2,13,2110,1402329.3
2019-02,29,S1,L4,R2,2,12,1285,738653.25
2019-02,30,S1,L2,R2,2,12,1925,1239331.02
2019-02,31,S1,L5,R2,2,12,1376,719954.1
2019-02,32,S1,L1,R2,2,12,1522,1014435.57
2019-02,33,S4,L2,R4,2,13,2473,1537044.12
2019-02,34,S1,L3,R1,2,14,1841,996377.4
2019-02,35,S1,L1,R2,2,12,1757,1024104.0
2019-02,36,S1,L3,R4,2,12,1482,847528.02
2019-02,37,S1,L3,R3,2,13,1263,811056.93
2019-02,38,S1,L3,R2,2,12,1273,809255.67
2019-02,39,S4,L1,R1,2,10,3024,1520986.35
2019-02,40,S1,L1,R4,2,12,1555,1065031.71
2019-02,41,S1,L1,R2,2,12,1838,1160479.02
2019-02,42,S1,L4,R3,2,12,1393,785043.96
2019-02,43,S1,L1,R2,2,13,1587,994700.88
2019-02,44,S1,L3,R2,2,12,1788,950766.21
2019-02,45,S3,L1,R1,2,11,1949,1066399.05
2019-02,46,S2,L1,R2,2,12,1274,854589.93
2019-02,47,S4,L2,R2,2,12,2641,1462651.2
2019-02,48,S1,L1,R2,2,12,1377,925616.22
2019-02,49,S4,L1,R2,2,12,2864,1512879.0
2019-02,50,S3,L2,R4,2,13,1991,1268191.74
2019-02,51,S1,L1,R2,2,12,1385,885589.44
2019-02,52,S1,L1,R3,2,13,1832,1180174.86
2019-02,53,S3,L1,R2,2,11,1879,1095802.5
2019-02,54,S1,L2,R3,2,12,1571,1130347.74
2019-02,55,S1,L1,R2,2,12,1656,970209.21
2019-02,56,S2,L5,R3,2,12,1180,681375.84
2019-02,57,S4,L1,R1,2,13,2383,1238452.68
2019-02,58,S1,L1,R1,2,14,2150,1305577.2
2019-02,59,S1,L3,R1,2,13,1568,906396.33
2019-02,60,S1,L5,R2,2,12,1386,752665.86
2019-02,61,S1,L1,R3,2,12,1856,1078962.0
2019-02,62,S2,L5,R1,2,12,1002,589871.91
2019-02,63,S1,L1,R2,2,12,1746,1084062.51
2019-02,64,S3,L1,R2,2,12,2117,1197942.15
2019-02,65,S1,L2,R2,2,12,1591,1106888.28
2019-02,66,S3,L3,R3,2,11,1971,1030365.06
2019-02,67,S2,L5,R1,2,11,850,470900.22
2019-02,68,S1,L2,R4,2,13,1818,1243675.2
2019-02,69,S1,L1,R4,2,12,1434,867631.68
2019-02,70,S1,L1,R3,2,10,1659,979647.12
2019-02,71,S2,L5,R1,2,13,907,542268.0
2019-02,72,S1,L2,R3,2,13,1866,1284809.79
2019-02,73,S3,L2,R4,2,13,2033,1430956.8
2019-02,74,S3,L1,R2,2,11,2209,1316753.31
2019-02,75,S3,L2,R3,2,13,2097,1374788.91
2019-02,76,S2,L3,R3,2,12,1061,689892.42
2019-02,77,S2,L5,R3,2,12,799,510282.0
2019-02,78,S1,L1,R4,2,12,1373,904345.5
2019-02,79,S2,L5,R4,2,12,968,611837.55
2019-02,80,S1,L1,R1,2,13,1508,893873.94
2019-02,81,S3,L2,R1,2,12,1864,1253142.0
2019-02,82,S4,L2,R1,2,10,3024,1568025.96
2019-02,83,S2,L5,R1,2,13,748,499169.94
2019-02,84,S1,L1,R3,2,13,1804,1074971.28
2019-02,85,S4,L2,R1,2,14,3674,1972985.64
2019-02,86,S1,L1,R4,2,12,1402,883639.2
2019-02,87,S4,L2,R3,2,13,2791,1957376.73
2019-02,88,S2,L5,R2,2,12,962,586645.8
2019-02,89,S1,L4,R1,2,12,1405,743793.69
2019-02,90,S1,L1,R3,2,12,1742,1029367.14
2019-02,91,S3,L1,R1,2,12,2127,1270981.38
2019-02,92,S1,L4,R2,2,12,1484,801913.95
2019-02,93,S1,L1,R4,2,14,1440,953610.54
2019-02,94,S4,L2,R2,2,12,2277,1352705.73
2019-02,95,S3,L1,R1,2,14,1889,1017746.1
2019-02,96,S3,L1,R3,2,12,2182,1236138.24
2019-02,97,S4,L1,R1,2,11,2578,1396344.48
2019-02,98,S2,L5,R2,2,12,889,585192.6
2019-02,99,S1,L1,R3,2,13,1915,1088603.76
2019-02,100,S1,L1,R2,2,12,1440,877953.24
2019-02,101,S1,L4,R3,2,12,1275,739841.97
2019-02,102,S4,L2,R1,2,13,2576,1546517.82
2019-02,103,S1,L3,R3,2,13,1718,987114.6
2019-02,104,S1,L1,R2,2,12,1604,916821.66
2019-02,105,S4,L2,R1,2,10,2378,1358931.96
2019-02,106,S1,L1,R4,2,12,1595,960546.9
2019-02,107,S1,L3,R3,2,11,1450,825892.95
2019-02,108,S1,L1,R4,2,13,1761,1150840.08
2019-02,109,S1,L1,R1,2,13,1997,1185827.16
2019-02,110,S2,L3,R3,2,13,1152,764402.52
2019-02,111,S1,L1,R2,2,13,1824,1148364.0
2019-02,112,S1,L1,R3,2,13,1561,912617.73
2019-02,113,S2,L3,R3,2,12,1135,781198.65
2019-02,114,S3,L1,R4,2,13,1897,1166632.2
2019-02,115,S4,L2,R1,2,10,3257,1684109.88
2019-02,116,S2,L3,R3,2,14,1099,737966.34
2019-02,117,S1,L1,R3,2,13,1463,953669.7
2019-02,118,S2,L1,R4,2,14,1225,850876.41
2019-02,119,S1,L1,R3,2,12,1771,1051255.89
2019-02,120,S3,L2,R2,2,14,2000,1416473.52
2019-02,121,S1,L1,R4,2,13,1830,1216401.75
2019-02,122,S1,L1,R2,2,12,1484,996525.15
2019-02,123,S4,L2,R3,2,13,2121,1360315.44
2019-02,124,S3,L2,R3,2,12,2041,1354997.7
2019-02,125,S4,L2,R1,2,10,2711,1450803.06
2019-02,126,S4,L2,R2,2,13,4010,2458961.94
2019-02,127,S4,L2,R2,2,12,2782,1591525.77
2019-02,128,S1,L2,R2,2,13,1996,1391219.22
2019-02,129,S3,L1,R1,2,13,2141,1182620.4
2019-02,130,S1,L1,R3,2,12,1550,912655.56
2019-02,131,S4,L2,R1,2,11,3423,1764800.91
2019-02,132,S1,L1,R3,2,12,1829,1123249.8
2019-02,133,S1,L1,R4,2,12,1652,960408.18
2019-02,134,S1,L4,R1,2,13,1406,819663.72
2019-02,135,S1,L1,R4,2,13,1349,928338.81
2019-02,136,S2,L5,R4,2,12,780,523037.37
2019-02,137,S4,L1,R1,2,13,2276,1239641.01
2019-02,138,S1,L1,R1,2,14,1588,949662.6
2019-02,139,S4,L2,R2,2,10,2612,1501995.57
2019-02,140,S4,L1,R1,2,12,2078,1269855.51
2019-02,141,S1,L1,R2,2,12,1456,959371.98
2019-02,142,S2,L1,R3,2,12,1237,835376.16
2019-02,143,S3,L2,R3,2,12,2048,1402585.65
2019-02,144,S1,L3,R3,2,14,1732,957554.4
2019-02,145,S1,L3,R1,2,13,1905,1029448.08
2019-02,146,S4,L2,R1,2,12,4362,2261059.8
2019-02,147,S4,L2,R4,2,14,2973,1606235.67
2019-02,148,S1,L1,R2,2,12,1344,873811.5
2019-02,149,S2,L3,R2,2,10,1235,762187.65
2019-02,150,S4,L2,R1,2,10,3224,1723315.8599999999
2019-02,151,S1,L3,R2,2,14,1322,793277.64
2019-02,152,S2,L1,R1,2,12,1222,864055.14
2019-02,153,S4,L2,R1,2,11,3483,1919420.16
2019-02,154,S1,L3,R2,2,12,1808,949728.57
2019-02,155,S3,L1,R2,2,10,1863,1142735.64
2019-02,156,S1,L1,R3,2,12,1769,1112054.85
2019-02,157,S4,L2,R1,2,12,3004,1582303.08
2019-02,158,S4,L2,R2,2,10,3137,1559711.73
2019-02,159,S2,L1,R3,2,12,1088,749480.7
2019-02,160,S4,L2,R1,2,15,4836,2530983.0
2019-02,161,S1,L1,R3,2,12,1329,968615.25
2019-02,162,S4,L1,R2,2,13,2492,1420612.68
2019-02,163,S1,L2,R3,2,13,1876,1284203.31
2019-02,164,S1,L1,R3,2,12,1462,955652.82
2019-02,165,S1,L1,R2,2,12,1678,980052.42
2019-02,166,S1,L1,R2,2,12,1384,885067.95
2019-02,167,S1,L1,R2,2,10,1514,887114.58
2019-02,168,S2,L3,R3,2,13,1178,796548.33
2019-02,169,S1,L2,R4,2,12,1730,1192577.37
2019-02,170,S1,L1,R2,2,12,1584,1085837.82
2019-02,171,S4,L2,R3,2,13,2737,1597689.99
2019-02,172,S1,L1,R1,2,14,1811,1054249.2
2019-02,173,S4,L2,R1,2,12,3180,1857178.56
2019-02,174,S1,L1,R4,2,12,1454,947137.11
2019-02,175,S4,L2,R1,2,12,5526,2901969.51
2019-02,176,S4,L2,R3,2,13,3072,1850794.32
2019-02,177,S2,L1,R4,2,12,1271,862243.56
2019-02,178,S3,L2,R3,2,12,1925,1208363.4
2019-02,179,S1,L1,R2,2,14,1786,1117103.13
2019-02,180,S1,L3,R2,2,11,1461,905782.26
2019-02,181,S3,L1,R3,2,12,2097,1116465.3
2019-02,182,S3,L1,R1,2,14,2115,1164323.34
2019-02,183,S1,L3,R1,2,13,2016,1074510.0
2019-02,184,S1,L2,R2,2,12,1513,1042732.89
2019-02,185,S1,L1,R3,2,13,1615,1086535.11
2019-02,186,S2,L5,R2,2,12,974,637491.72
2019-02,187,S1,L1,R1,2,12,1320,816615.06
2019-02,188,S3,L2,R1,2,12,1981,1375352.94
2019-02,189,S2,L3,R3,2,14,1154,790578.3
2019-02,190,S3,L3,R1,2,13,2121,1091747.67
2019-02,191,S3,L1,R1,2,12,2062,1112895.24
2019-02,192,S1,L1,R3,2,10,1685,1076945.07
2019-02,193,S2,L3,R4,2,12,1117,761208.24
2019-02,194,S1,L1,R2,2,12,1789,1078159.38
2019-02,195,S4,L1,R1,2,14,2754,1424347.47
2019-02,196,S1,L1,R3,2,14,1485,1059007.65
2019-02,197,S2,L5,R1,2,11,1076,623191.98
2019-02,198,S4,L2,R3,2,12,2646,1562769.93
2019-02,199,S1,L1,R4,2,12,1376,897381.57
2019-02,200,S2,L1,R2,2,12,1237,959067.63
2019-02,201,S4,L1,R1,2,11,2744,1376912.4
2019-02,202,S4,L2,R2,2,13,2454,1478347.59
2019-02,203,S2,L4,R2,2,12,1155,694327.38
2019-02,204,S4,L1,R3,2,13,2536,1404683.04
2019-02,205,S1,L1,R2,2,13,1814,1112470.14
2019-02,206,S1,L1,R1,2,12,2027,1293679.71
2019-02,207,S1,L1,R3,2,12,1506,1027012.98
2019-02,208,S3,L1,R1,2,12,1884,1029445.02
2019-02,209,S1,L1,R1,2,13,1611,995559.27
2019-02,210,S1,L5,R1,2,13,1414,751345.08
2019-02,211,S4,L2,R1,2,10,2881,1533122.31
2019-02,212,S4,L2,R3,2,10,2975,1685481.42
2019-02,213,S1,L1,R2,2,12,1850,1077020.01
2019-02,214,S1,L1,R4,2,13,1432,946719.78
2019-02,215,S3,L2,R1,2,13,1956,1276855.95
2019-02,216,S2,L5,R1,2,12,1140,629182.53
2019-02,217,S4,L1,R1,2,14,2407,1340140.89
2019-02,218,S1,L3,R2,2,12,1348,769092.84
2019-02,219,S4,L2,R1,2,12,3596,1786887.66
2019-02,220,S2,L4,R3,2,12,1075,695825.1
2019-02,221,S1,L1,R2,2,12,1601,942570.48
2019-02,222,S4,L2,R2,2,10,2922,1582860.6
2019-02,223,S2,L5,R2,2,12,1244,723836.4
2019-02,224,S1,L2,R2,2,12,1797,1217848.68
2019-02,225,S1,L1,R1,2,13,1616,1001368.5
2019-02,226,S2,L5,R4,2,12,968,579443.31
2019-02,227,S4,L2,R1,2,12,2205,1324489.65
2019-02,228,S1,L1,R1,2,13,1493,914141.67
2019-02,229,S1,L1,R2,2,12,1635,937662.0
2019-02,230,S2,L4,R4,2,12,943,638294.43
2019-02,231,S4,L2,R3,2,13,2873,1574393.1
2019-02,232,S1,L1,R4,2,12,1438,894246.84
2019-02,233,S1,L3,R3,2,11,1465,862714.23
2019-02,234,S2,L4,R2,2,12,998,661322.64
2019-02,235,S1,L1,R3,2,12,1416,1001729.01
2019-02,236,S1,L1,R3,2,12,1594,1001039.46
2019-02,237,S2,L3,R3,2,14,934,666256.68
2019-02,238,S1,L1,R2,2,12,1268,856028.85
2019-02,239,S3,L1,R3,2,10,2010,1190844.75
2019-02,240,S3,L2,R3,2,10,2082,1253307.15
2019-02,241,S1,L1,R4,2,12,1573,1058263.26
2019-02,242,S4,L1,R1,2,13,2790,1416704.25
2019-02,243,S4,L2,R2,2,12,2071,1383104.82
2019-02,244,S2,L5,R4,2,12,1160,666330.84
2019-02,245,S4,L1,R2,2,10,2667,1531366.89
2019-02,246,S3,L1,R3,2,12,1932,1178955.96
2019-02,247,S1,L1,R3,2,12,1367,897506.76
2019-02,248,S1,L1,R2,2,13,1411,938970.48
2019-02,249,S1,L3,R2,2,13,2050,1113265.44
2019-02,250,S2,L3,R4,2,12,1072,714422.94
2019-02,251,S2,L3,R1,2,13,1339,855985.44
2019-02,252,S3,L2,R1,2,13,2181,1402337.01
2019-02,253,S4,L2,R1,2,11,2379,1289481.84
2019-02,254,S4,L1,R1,2,13,2265,1295698.35
2019-02,255,S3,L2,R4,2,14,2041,1340880.27
2019-02,256,S1,L2,R4,2,12,1752,1252602.93
2019-02,257,S1,L3,R1,2,14,1503,870956.61
2019-02,258,S2,L4,R4,2,13,976,630972.66
2019-02,259,S4,L1,R1,2,12,2283,1195170.72
2019-02,260,S1,L1,R4,2,13,1531,962127.75
2019-02,261,S4,L2,R1,2,13,2681,1601794.26
2019-02,262,S1,L1,R1,2,13,1629,1068510.0
2019-02,263,S1,L5,R1,2,12,1570,770342.1
2019-02,264,S3,L1,R3,2,13,1974,1229096.31
2019-02,265,S2,L4,R2,2,12,1015,601693.95
2019-02,266,S1,L1,R4,2,12,1824,1113992.52
2019-02,267,S4,L2,R1,2,12,2543,1540373.7
2019-02,268,S1,L2,R1,2,10,1712,1135699.77
2019-02,269,S1,L4,R1,2,12,1474,816592.98
2019-02,270,S1,L1,R2,2,13,1477,932216.73
2019-02,271,S1,L3,R2,2,11,1866,986885.04
2019-02,272,S2,L4,R2,2,13,1329,777896.01
2019-02,273,S2,L3,R4,2,14,1011,728988.3
2019-02,274,S4,L2,R4,2,13,2529,1552374.3599999999
2019-02,275,S4,L1,R1,2,13,2139,1194364.38
2019-02,276,S1,L1,R2,2,15,2043,1221667.2
2019-02,277,S1,L3,R1,2,12,1603,854159.34
2019-02,278,S4,L1,R4,2,12,2481,1336942.68
2019-02,279,S2,L3,R2,2,12,1098,691656.66
2019-02,280,S4,L2,R2,2,10,3164,1657514.76
2019-02,281,S1,L4,R1,2,14,1745,899704.08
2019-02,282,S1,L2,R2,2,12,1839,1385312.61
2019-02,283,S4,L1,R1,2,12,2376,1190493.54
2019-02,284,S4,L2,R3,2,13,2527,1555663.02
2019-02,285,S1,L3,R3,2,13,1382,866021.8200000001
2019-02,286,S4,L2,R4,2,14,2876,1640757.33
2019-02,287,S1,L4,R1,2,13,1927,970030.2
2019-02,288,S3,L2,R3,2,10,2075,1287936.48
2019-02,289,S2,L5,R2,2,13,904,530077.02
2019-02,290,S1,L1,R3,2,12,1453,892557.66
2019-02,291,S1,L3,R1,2,12,1790,1014776.82
2019-02,292,S1,L1,R1,2,12,1400,903647.1
2019-02,293,S2,L4,R2,2,12,1047,674349.15
2019-02,294,S4,L2,R2,2,10,3284,1790840.73
2019-02,295,S1,L1,R1,2,12,1451,950228.55
2019-02,296,S1,L1,R1,2,12,1511,891517.26
2019-02,297,S2,L3,R4,2,13,1299,808852.98
2019-02,298,S4,L1,R1,2,10,3611,1653198.84
2019-02,299,S1,L1,R3,2,13,1585,1134138.06
2019-02,300,S2,L5,R2,2,10,1196,652446.15
2019-02,301,S1,L3,R2,2,12,1508,858899.4
2019-02,302,S1,L4,R2,2,13,1574,848303.55
2019-02,303,S4,L2,R1,2,14,3399,1758731.46
2019-02,304,S1,L1,R4,2,11,1440,851122.98
2019-02,305,S4,L1,R1,2,13,2862,1549124.55
2019-02,306,S1,L3,R2,2,13,1394,855688.68
2019-02,307,S1,L5,R2,2,14,1526,807313.11
2019-02,308,S4,L2,R3,2,13,2729,1551968.52
2019-02,309,S1,L5,R1,2,14,1676,793513.98
2019-02,310,S2,L5,R1,2,12,1186,647766.3
2019-02,311,S4,L2,R2,2,10,2608,1437104.22
2019-02,312,S4,L2,R1,2,12,4145,2191477.11
2019-02,313,S1,L3,R1,2,12,1470,856726.08
2019-02,314,S1,L1,R2,2,11,1801,1056755.79
2019-02,315,S4,L2,R1,2,13,3419,1764719.7
2019-02,316,S4,L2,R1,2,14,2122,1320131.25
2019-02,317,S3,L1,R1,2,13,2295,1215851.13
2019-02,318,S1,L3,R2,2,12,1518,868517.73
2019-02,319,S3,L1,R2,2,12,2094,1262908.32
2019-02,320,S2,L3,R2,2,13,1229,750548.85
2019-02,321,S3,L1,R2,2,12,1926,1104885.0
2019-02,322,S2,L3,R4,2,12,1143,774369.15
2019-02,323,S1,L4,R1,2,14,1540,835120.74
2019-02,324,S1,L2,R3,2,12,1820,1300526.76
2019-02,325,S3,L1,R2,2,12,1823,1124906.46
2019-02,326,S3,L1,R1,2,13,2316,1381295.34
2019-02,327,S4,L1,R3,2,12,2389,1241657.7
2019-02,328,S1,L3,R1,2,12,1743,1059083.16
2019-02,329,S4,L2,R3,2,10,2205,1382699.58
2019-02,330,S4,L2,R1,2,13,3014,1661076.45
2019-02,331,S1,L1,R4,2,12,1478,954905.1
2019-02,332,S2,L5,R1,2,13,1352,785689.08
2019-02,333,S1,L1,R3,2,13,1394,929659.14
2019-02,334,S3,L2,R2,2,12,2171,1413640.65
2019-02,335,S1,L1,R3,2,12,1654,982850.85
2019-02,336,S4,L2,R1,2,13,3283,1785710.1
2019-02,337,S4,L2,R1,2,12,4793,2536936.44
2019-02,338,S4,L2,R1,2,12,2653,1548318.99
2019-02,339,S4,L2,R1,2,13,2922,1570560.84
2019-02,340,S4,L2,R3,2,13,2685,1635038.34
2019-02,341,S1,L1,R2,2,12,1862,1065254.25
2019-02,342,S4,L1,R1,2,14,2521,1349647.65
2019-02,343,S1,L1,R2,2,11,1457,1000783.86
2019-02,344,S1,L5,R1,2,12,1799,882434.64
2019-02,345,S1,L1,R3,2,12,1434,1051230.78
2019-02,346,S4,L1,R1,2,13,3299,1788341.91
2019-02,347,S1,L1,R1,2,13,1679,1047264.51
2019-02,348,S3,L1,R1,2,10,2124,1142838.6
2019-02,349,S1,L1,R4,2,13,1848,1148607.48
2019-02,350,S1,L3,R2,2,12,1536,881637.39
2019-02,351,S1,L4,R3,2,13,1451,830814.78
2019-02,352,S4,L1,R1,2,12,2281,1278985.86
2019-02,353,S1,L3,R3,2,13,1476,923631.84
2019-02,354,S4,L2,R1,2,12,3180,1910735.58
2019-02,355,S2,L4,R2,2,12,1004,658463.7
2019-02,356,S3,L3,R1,2,11,1823,940650.99
2019-02,357,S4,L1,R1,2,10,2803,1487609.7
2019-02,358,S3,L1,R1,2,12,1905,1130103.3
2019-02,359,S2,L3,R2,2,12,1068,739372.05
2019-02,360,S2,L1,R1,2,12,1193,816292.62
2019-02,361,S1,L3,R1,2,13,1444,825021.0
2019-02,362,S1,L3,R3,2,10,1573,884853.75
2019-02,363,S1,L1,R2,2,12,1797,1034231.37
2019-02,364,S2,L3,R2,2,12,1226,764681.4
2019-02,365,S2,L1,R2,2,13,1440,957320.43
2019-03,1,S1,L3,R1,4,15,1807,1019356.62
2019-03,2,S3,L1,R3,4,12,2293,1327464.12
2019-03,3,S4,L2,R1,4,15,3547,1824847.77
2019-03,4,S1,L1,R2,4,12,1941,1102566.78
2019-03,5,S1,L1,R3,4,15,2082,1276010.64
2019-03,6,S4,L1,R1,4,14,2433,1330978.08
2019-03,7,S3,L1,R3,4,14,2266,1304052.0
2019-03,8,S4,L2,R2,4,10,2688,1535912.1
2019-03,9,S1,L1,R1,4,11,1576,965357.07
2019-03,10,S4,L2,R3,4,12,2587,1656660.66
2019-03,11,S4,L2,R1,4,12,3293,1876598.55
2019-03,12,S1,L3,R2,4,15,1790,1040042.64
2019-03,13,S3,L3,R1,4,10,2661,1333500.57
2019-03,14,S3,L2,R4,4,12,2215,1537255.26
2019-03,15,S4,L2,R1,4,12,3397,1910149.41
2019-03,16,S1,L3,R1,4,12,2035,1094082.18
2019-03,17,S1,L1,R2,4,12,2014,1106414.58
2019-03,18,S4,L1,R1,4,15,2889,1538545.5
2019-03,19,S1,L1,R3,4,12,1525,1078264.08
2019-03,20,S1,L1,R1,4,12,1790,1352555.55
2019-03,21,S3,L2,R4,4,15,2316,1447677.51
2019-03,22,S1,L1,R4,4,13,1486,1102717.86
2019-03,23,S1,L1,R4,4,13,1541,1046509.2
2019-03,24,S1,L1,R2,4,14,1785,1073150.52
2019-03,25,S1,L3,R1,4,11,1724,950827.38
2019-03,26,S1,L1,R3,4,15,1992,1248753.3
2019-03,27,S1,L3,R3,4,13,1457,938697.09
2019-03,28,S3,L2,R3,4,12,2238,1506141.18
2019-03,29,S1,L4,R2,4,13,1492,891884.43
2019-03,30,S1,L2,R2,4,13,2113,1345752.45
2019-03,31,S1,L5,R2,4,13,1543,829723.32
2019-03,32,S1,L1,R2,4,12,1666,1125070.5
2019-03,33,S4,L2,R4,4,12,2576,1602135.72
2019-03,34,S1,L3,R1,4,11,1915,1024123.56
2019-03,35,S1,L1,R2,4,12,1937,1160219.4
2019-03,36,S1,L3,R4,4,13,1776,1061017.71
2019-03,37,S1,L3,R3,4,12,1345,867672.5700000001
2019-03,38,S1,L3,R2,4,12,1330,859391.94
2019-03,39,S4,L1,R1,4,15,3307,1666429.5
2019-03,40,S1,L1,R4,4,12,1658,1175353.47
2019-03,41,S1,L1,R2,4,13,1990,1285689.33
2019-03,42,S1,L4,R3,4,13,1551,896972.49
2019-03,43,S1,L1,R2,4,12,1687,1063537.02
2019-03,44,S1,L3,R2,4,13,1943,1080000.24
2019-03,45,S3,L1,R1,4,14,2306,1280635.71
2019-03,46,S2,L1,R2,4,12,1259,886837.2
2019-03,47,S4,L2,R2,4,12,3155,1803115.08
2019-03,48,S1,L1,R2,4,12,1594,1102511.73
2019-03,49,S4,L1,R2,4,13,3200,1714227.48
2019-03,50,S3,L2,R4,4,12,2144,1360067.43
2019-03,51,S1,L1,R2,4,12,1738,1122193.92
2019-03,52,S1,L1,R3,4,12,1993,1287269.1
2019-03,53,S3,L1,R2,4,14,2272,1355405.67
2019-03,54,S1,L2,R3,4,13,1685,1247486.67
2019-03,55,S1,L1,R2,4,13,1838,1112359.32
2019-03,56,S2,L5,R3,4,12,1311,781094.37
2019-03,57,S4,L1,R1,4,12,2650,1396902.81
2019-03,58,S1,L1,R1,4,11,2275,1391749.68
2019-03,59,S1,L3,R1,4,12,1573,914161.23
2019-03,60,S1,L5,R2,4,13,1617,907117.29
2019-03,61,S1,L1,R3,4,13,2132,1279315.74
2019-03,62,S2,L5,R1,4,12,1164,714766.08
2019-03,63,S1,L1,R2,4,12,1965,1247769.63
2019-03,64,S3,L1,R2,4,12,2198,1297771.83
2019-03,65,S1,L2,R2,4,12,1666,1222048.95
2019-03,66,S3,L3,R3,4,14,2208,1174687.35
2019-03,67,S2,L5,R1,4,14,1076,623353.92
2019-03,68,S1,L2,R4,4,12,1908,1305434.49
2019-03,69,S1,L1,R4,4,12,1629,1024409.28
2019-03,70,S1,L1,R3,4,13,1784,1081835.52
2019-03,71,S2,L5,R1,4,12,1046,640522.62
2019-03,72,S1,L2,R3,4,12,2106,1436890.2
2019-03,73,S3,L2,R4,4,12,2164,1508281.26
2019-03,74,S3,L1,R2,4,14,2433,1472926.44
2019-03,75,S3,L2,R3,4,12,2202,1448749.38
2019-03,76,S2,L3,R3,4,12,1234,847441.08
2019-03,77,S2,L5,R3,4,13,886,577471.95
2019-03,78,S1,L1,R4,4,13,1605,1081480.83
2019-03,79,S2,L5,R4,4,13,1126,732143.01
2019-03,80,S1,L1,R1,4,12,1609,952571.1
2019-03,81,S3,L2,R1,4,13,2168,1482106.05
2019-03,82,S4,L2,R1,4,15,3444,1813137.6
2019-03,83,S2,L5,R1,4,12,771,514514.1
2019-03,84,S1,L1,R3,4,12,2063,1244148.15
2019-03,85,S4,L2,R1,4,10,4096,2177147.61
2019-03,86,S1,L1,R4,4,12,1724,1104731.04
2019-03,87,S4,L2,R3,4,12,2916,2039254.56
2019-03,88,S2,L5,R2,4,12,959,593819.13
2019-03,89,S1,L4,R1,4,13,1652,893008.41
2019-03,90,S1,L1,R3,4,13,2039,1239822.66
2019-03,91,S3,L1,R1,4,12,2376,1456810.26
2019-03,92,S1,L4,R2,4,13,1669,919359.81
2019-03,93,S1,L1,R4,4,11,1566,1017964.68
2019-03,94,S4,L2,R2,4,12,2537,1527620.8800000001
2019-03,95,S3,L1,R1,4,11,1927,1050036.12
2019-03,96,S3,L1,R3,4,13,2349,1357329.42
2019-03,97,S4,L1,R1,4,14,2786,1520762.31
2019-03,98,S2,L5,R2,4,13,977,646233.3
2019-03,99,S1,L1,R3,4,12,2059,1193581.41
2019-03,100,S1,L1,R2,4,13,1623,1023231.42
2019-03,101,S1,L4,R3,4,12,1537,907966.53
2019-03,102,S4,L2,R1,4,12,2844,1697344.74
2019-03,103,S1,L3,R3,4,12,1792,1039902.81
2019-03,104,S1,L1,R2,4,12,1711,998318.04
2019-03,105,S4,L2,R1,4,15,2681,1550048.16
2019-03,106,S1,L1,R4,4,13,1813,1080361.86
2019-03,107,S1,L3,R3,4,14,1723,996618.69
2019-03,108,S1,L1,R4,4,12,1889,1252818.15
2019-03,109,S1,L1,R1,4,12,2099,1249871.46
2019-03,110,S2,L3,R3,4,12,1275,859750.98
2019-03,111,S1,L1,R2,4,12,1899,1205152.68
2019-03,112,S1,L1,R3,4,12,1784,1057129.23
2019-03,113,S2,L3,R3,4,13,1219,856340.4299999999
2019-03,114,S3,L1,R4,4,12,2009,1231756.77
2019-03,115,S4,L2,R1,4,15,3600,1905380.82
2019-03,116,S2,L3,R3,4,11,1154,778080.45
2019-03,117,S1,L1,R3,4,12,1585,1037711.4
2019-03,118,S2,L1,R4,4,11,1319,918321.15
2019-03,119,S1,L1,R3,4,13,2057,1240360.86
2019-03,120,S3,L2,R2,4,11,2109,1502668.38
2019-03,121,S1,L1,R4,4,12,1916,1291737.81
2019-03,122,S1,L1,R2,4,13,1691,1165642.26
2019-03,123,S4,L2,R3,4,12,2328,1496581.47
2019-03,124,S3,L2,R3,4,13,2409,1627051.62
2019-03,125,S4,L2,R1,4,15,3068,1660399.95
2019-03,126,S4,L2,R2,4,12,4260,2614831.29
2019-03,127,S4,L2,R2,4,13,3125,1820160.51
2019-03,128,S1,L2,R2,4,12,2220,1563789.03
2019-03,129,S3,L1,R1,4,12,2243,1246296.12
2019-03,130,S1,L1,R3,4,12,1741,1055317.92
2019-03,131,S4,L2,R1,4,14,3855,2017121.13
2019-03,132,S1,L1,R3,4,13,2066,1289388.93
2019-03,133,S1,L1,R4,4,13,1849,1092598.86
2019-03,134,S1,L4,R1,4,12,1482,859574.01
2019-03,135,S1,L1,R4,4,12,1482,1027151.76
2019-03,136,S2,L5,R4,4,12,866,611384.7
2019-03,137,S4,L1,R1,4,12,2438,1317317.91
2019-03,138,S1,L1,R1,4,10,1655,988101.06
2019-03,139,S4,L2,R2,4,15,2983,1744949.49
2019-03,140,S4,L1,R1,4,13,2333,1432335.87
2019-03,141,S1,L1,R2,4,12,1755,1185600.39
2019-03,142,S2,L1,R3,4,12,1413,990936.12
2019-03,143,S3,L2,R3,4,12,2298,1635511.86
2019-03,144,S1,L3,R3,4,11,1843,1021198.65
2019-03,145,S1,L3,R1,4,12,2000,1085783.97
2019-03,146,S4,L2,R1,4,13,4885,2559978.96
2019-03,147,S4,L2,R4,4,11,3155,1698523.5
2019-03,148,S1,L1,R2,4,13,1388,920931.33
2019-03,149,S2,L3,R2,4,15,1409,892936.11
2019-03,150,S4,L2,R1,4,15,3594,1969663.14
2019-03,151,S1,L3,R2,4,11,1388,829678.62
2019-03,152,S2,L1,R1,4,12,1429,1047280.53
2019-03,153,S4,L2,R1,4,14,4075,2298902.34
2019-03,154,S1,L3,R2,4,13,2126,1142323.89
2019-03,155,S3,L1,R2,4,15,2118,1306663.89
2019-03,156,S1,L1,R3,4,13,2151,1396159.83
2019-03,157,S4,L2,R1,4,12,3336,1780848.36
2019-03,158,S4,L2,R2,4,15,3824,1933954.74
2019-03,159,S2,L1,R3,4,12,1163,836912.16
2019-03,160,S4,L2,R1,4,14,4591,2358445.05
2019-03,161,S1,L1,R3,4,13,1473,1071543.42
2019-03,162,S4,L1,R2,4,12,2707,1544128.98
2019-03,163,S1,L2,R3,4,12,2010,1382548.38
2019-03,164,S1,L1,R3,4,13,1659,1104415.95
2019-03,165,S1,L1,R2,4,12,1891,1124544.57
2019-03,166,S1,L1,R2,4,13,1508,994995.15
2019-03,167,S1,L1,R2,4,15,1685,993194.76
2019-03,168,S2,L3,R3,4,12,1218,823835.07
2019-03,169,S1,L2,R4,4,13,1920,1363302.06
2019-03,170,S1,L1,R2,4,13,1776,1257368.25
2019-03,171,S4,L2,R3,4,12,2775,1631956.08
2019-03,172,S1,L1,R1,4,11,1886,1087688.73
2019-03,173,S4,L2,R1,4,12,3542,2138462.04
2019-03,174,S1,L1,R4,4,12,1703,1131541.26
2019-03,175,S4,L2,R1,4,13,5863,3154728.72
2019-03,176,S4,L2,R3,4,12,3262,1979917.89
2019-03,177,S2,L1,R4,4,12,1518,1059213.81
2019-03,178,S3,L2,R3,4,13,2228,1458191.94
2019-03,179,S1,L1,R2,4,11,1864,1160685.96
2019-03,180,S1,L3,R2,4,13,1608,1018341.06
2019-03,181,S3,L1,R3,4,13,2479,1358698.83
2019-03,182,S3,L1,R1,4,10,2155,1151553.03
2019-03,183,S1,L3,R1,4,12,2154,1165446.48
2019-03,184,S1,L2,R2,4,12,1684,1205178.3
2019-03,185,S1,L1,R3,4,11,1727,1157047.02
2019-03,186,S2,L5,R2,4,12,1106,728258.97
2019-03,187,S1,L1,R1,4,13,1551,982243.17
2019-03,188,S3,L2,R1,4,12,2210,1597349.6400000001
2019-03,189,S2,L3,R3,4,11,1205,824468.01
2019-03,190,S3,L3,R1,4,12,2094,1086272.07
2019-03,191,S3,L1,R1,4,12,2269,1263320.64
2019-03,192,S1,L1,R3,4,15,1918,1238329.65
2019-03,193,S2,L3,R4,4,13,1227,839861.0700000001
2019-03,194,S1,L1,R2,4,13,1958,1212629.79
2019-03,195,S4,L1,R1,4,11,2952,1533403.92
2019-03,196,S1,L1,R3,4,11,1522,1082089.35
2019-03,197,S2,L5,R1,4,14,1288,770385.48
2019-03,198,S4,L2,R3,4,13,2875,1724261.46
2019-03,199,S1,L1,R4,4,12,1555,1028920.98
2019-03,200,S2,L1,R2,4,13,1331,1064241.0
2019-03,201,S4,L1,R1,4,14,3137,1591975.62
2019-03,202,S4,L2,R2,4,12,2661,1622104.05
2019-03,203,S2,L4,R2,4,12,1397,872682.84
2019-03,204,S4,L1,R3,4,12,2729,1519586.7
2019-03,205,S1,L1,R2,4,12,1868,1134713.37
2019-03,206,S1,L1,R1,4,12,2402,1561420.02
2019-03,207,S1,L1,R3,4,12,1713,1198957.02
2019-03,208,S3,L1,R1,4,13,2136,1205486.22
2019-03,209,S1,L1,R1,4,12,1665,1052777.28
2019-03,210,S1,L5,R1,4,12,1511,809509.14
2019-03,211,S4,L2,R1,4,15,3250,1744800.09
2019-03,212,S4,L2,R3,4,14,3095,1760751.27
2019-03,213,S1,L1,R2,4,12,2085,1243840.11
2019-03,214,S1,L1,R4,4,12,1559,1031636.28
2019-03,215,S3,L2,R1,4,12,2100,1380265.65
2019-03,216,S2,L5,R1,4,13,1181,671752.86
2019-03,217,S4,L1,R1,4,10,2324,1232978.4
2019-03,218,S1,L3,R2,4,12,1531,905541.75
2019-03,219,S4,L2,R1,4,13,3922,1947099.93
2019-03,220,S2,L4,R3,4,12,1305,863191.35
2019-03,221,S1,L1,R2,4,12,1700,1035581.52
2019-03,222,S4,L2,R2,4,14,3414,1891417.05
2019-03,223,S2,L5,R2,4,13,1405,833149.86
2019-03,224,S1,L2,R2,4,12,2213,1531607.16
2019-03,225,S1,L1,R1,4,12,1664,1029222.42
2019-03,226,S2,L5,R4,4,13,1142,699531.72
2019-03,227,S4,L2,R1,4,12,2303,1433864.43
2019-03,228,S1,L1,R1,4,12,1556,958181.13
2019-03,229,S1,L1,R2,4,12,1826,1081580.31
2019-03,230,S2,L4,R4,4,12,1178,836326.29
2019-03,231,S4,L2,R3,4,12,3049,1690326.84
2019-03,232,S1,L1,R4,4,12,1662,1066351.56
2019-03,233,S1,L3,R3,4,11,1431,818775.87
2019-03,234,S2,L4,R2,4,12,1132,765927.6
2019-03,235,S1,L1,R3,4,13,1606,1172860.47
2019-03,236,S1,L1,R3,4,12,1931,1259686.35
2019-03,237,S2,L3,R3,4,11,971,679461.15
2019-03,238,S1,L1,R2,4,12,1470,1016970.39
2019-03,239,S3,L1,R3,4,15,2270,1382764.83
2019-03,240,S3,L2,R3,4,15,2355,1428677.82
2019-03,241,S1,L1,R4,4,13,1734,1183452.57
2019-03,242,S4,L1,R1,4,12,2850,1445420.85
2019-03,243,S4,L2,R2,4,12,2366,1631261.58
2019-03,244,S2,L5,R4,4,13,1342,782731.44
2019-03,245,S4,L1,R2,4,13,2629,1498203.03
2019-03,246,S3,L1,R3,4,13,2315,1454115.72
2019-03,247,S1,L1,R3,4,13,1540,1027278.54
2019-03,248,S1,L1,R2,4,12,1421,948845.52
2019-03,249,S1,L3,R2,4,12,2119,1169202.03
2019-03,250,S2,L3,R4,4,12,1259,869681.19
2019-03,251,S2,L3,R1,4,12,1395,912484.05
2019-03,252,S3,L2,R1,4,12,2376,1530422.73
2019-03,253,S4,L2,R1,4,14,2896,1559287.83
2019-03,254,S4,L1,R1,4,12,2412,1384565.16
2019-03,255,S3,L2,R4,4,11,2214,1439416.23
2019-03,256,S1,L2,R4,4,12,1951,1423844.28
2019-03,257,S1,L3,R1,4,10,1568,896384.61
2019-03,258,S2,L4,R4,4,12,1066,698748.0
2019-03,259,S4,L1,R1,4,12,2568,1365240.93
2019-03,260,S1,L1,R4,4,12,1646,1024805.58
2019-03,261,S4,L2,R1,4,12,2778,1636336.83
2019-03,262,S1,L1,R1,4,12,1711,1138959.78
2019-03,263,S1,L5,R1,4,13,1764,892944.39
2019-03,264,S3,L1,R3,4,12,2128,1330527.87
2019-03,265,S2,L4,R2,4,12,1140,694383.93
2019-03,266,S1,L1,R4,4,12,2080,1329608.07
2019-03,267,S4,L2,R1,4,12,2845,1773837.12
2019-03,268,S1,L2,R1,4,15,2023,1357049.04
2019-03,269,S1,L4,R1,4,12,1648,928742.1
2019-03,270,S1,L1,R2,4,12,1563,980142.93
2019-03,271,S1,L3,R2,4,14,2055,1092544.89
2019-03,272,S2,L4,R2,4,12,1430,833078.04
2019-03,273,S2,L3,R4,4,10,1063,749626.59
2019-03,274,S4,L2,R4,4,12,2667,1646626.74
2019-03,275,S4,L1,R1,4,11,2204,1248083.97
2019-03,276,S1,L1,R2,4,14,2021,1193029.17
2019-03,277,S1,L3,R1,4,13,1802,971509.5
2019-03,278,S4,L1,R4,4,13,2726,1465129.08
2019-03,279,S2,L3,R2,4,12,1292,841279.41
2019-03,280,S4,L2,R2,4,15,3573,1888957.5
2019-03,281,S1,L4,R1,4,11,1772,931215.54
2019-03,282,S1,L2,R2,4,13,2000,1476678.54
2019-03,283,S4,L1,R1,4,13,2779,1429216.26
2019-03,284,S4,L2,R3,4,12,2675,1639868.04
2019-03,285,S1,L3,R3,4,12,1525,973585.38
2019-03,286,S4,L2,R4,4,11,3048,1736928.81
2019-03,287,S1,L4,R1,4,12,1942,986497.44
2019-03,288,S3,L2,R3,4,15,2316,1462677.48
2019-03,289,S2,L5,R2,4,12,1069,622874.07
2019-03,290,S1,L1,R3,4,12,1716,1075266.99
2019-03,291,S1,L3,R1,4,12,1993,1163316.93
2019-03,292,S1,L1,R1,4,12,1508,999708.15
2019-03,293,S2,L4,R2,4,13,1151,769728.96
2019-03,294,S4,L2,R2,4,15,3624,2005657.5
2019-03,295,S1,L1,R1,4,12,1532,1041142.86
2019-03,296,S1,L1,R1,4,12,1591,973476.78
2019-03,297,S2,L3,R4,4,12,1417,872087.01
2019-03,298,S4,L1,R1,4,15,3798,1799003.28
2019-03,299,S1,L1,R3,4,12,1547,1092485.61
2019-03,300,S2,L5,R2,4,11,1341,746555.55
2019-03,301,S1,L3,R2,4,12,1749,1025270.07
2019-03,302,S1,L4,R2,4,12,1649,888604.98
2019-03,303,S4,L2,R1,4,16,3551,1894994.82
2019-03,304,S1,L1,R4,4,14,1739,1045336.56
2019-03,305,S4,L1,R1,4,12,2807,1494806.25
2019-03,306,S1,L3,R2,4,12,1423,883334.55
2019-03,307,S1,L5,R2,4,10,1566,830035.17
2019-03,308,S4,L2,R3,4,12,2852,1643928.99
2019-03,309,S1,L5,R1,4,11,1760,834551.76
2019-03,310,S2,L5,R1,4,13,1382,774848.85
2019-03,311,S4,L2,R2,4,15,3057,1718322.27
2019-03,312,S4,L2,R1,4,12,4456,2455651.41
2019-03,313,S1,L3,R1,4,13,1698,1021077.09
2019-03,314,S1,L1,R2,4,14,2037,1220714.4
2019-03,315,S4,L2,R1,4,12,4943,2604921.9
2019-03,316,S4,L2,R1,4,11,2291,1391732.58
2019-03,317,S3,L1,R1,4,15,2571,1367366.73
2019-03,318,S1,L3,R2,4,12,1748,1028571.87
2019-03,319,S3,L1,R2,4,13,2304,1389481.92
2019-03,320,S2,L3,R2,4,12,1278,778877.61
2019-03,321,S3,L1,R2,4,13,2168,1274602.65
2019-03,322,S2,L3,R4,4,13,1340,924025.14
2019-03,323,S1,L4,R1,4,11,1687,920215.6799999999
2019-03,324,S1,L2,R3,4,13,2073,1505673.51
2019-03,325,S3,L1,R2,4,12,2241,1447487.13
2019-03,326,S3,L1,R1,4,12,2308,1363308.27
2019-03,327,S4,L1,R3,4,13,2773,1451541.33
2019-03,328,S1,L3,R1,4,12,1554,967352.07
2019-03,329,S4,L2,R3,4,15,2586,1640933.25
2019-03,330,S4,L2,R1,4,12,3031,1689725.46
2019-03,331,S1,L1,R4,4,12,1596,1067562.15
2019-03,332,S2,L5,R1,4,12,1381,802744.38
2019-03,333,S1,L1,R3,4,12,1473,998772.15
2019-03,334,S3,L2,R2,4,13,2375,1612172.01
2019-03,335,S1,L1,R3,4,13,1940,1164607.41
2019-03,336,S4,L2,R1,4,12,3435,1863844.92
2019-03,337,S4,L2,R1,4,13,5400,2909178.57
2019-03,338,S4,L2,R1,4,13,3130,1844496.06
2019-03,339,S4,L2,R1,4,12,2998,1611901.68
2019-03,340,S4,L2,R3,4,12,2697,1625123.73
2019-03,341,S1,L1,R2,4,12,2044,1200006.03
2019-03,342,S4,L1,R1,4,11,2752,1455733.74
2019-03,343,S1,L1,R2,4,14,1656,1148880.36
2019-03,344,S1,L5,R1,4,12,2037,1003333.65
2019-03,345,S1,L1,R3,4,13,1679,1242199.56
2019-03,346,S4,L1,R1,4,12,3157,1633708.92
2019-03,347,S1,L1,R1,4,12,1814,1137258.75
2019-03,348,S3,L1,R1,4,15,2332,1292944.17
2019-03,349,S1,L1,R4,4,12,1934,1205196.21
2019-03,350,S1,L3,R2,4,13,1750,1023228.84
2019-03,351,S1,L4,R3,4,12,1537,884152.86
2019-03,352,S4,L1,R1,4,13,2683,1562115.3599999999
2019-03,353,S1,L3,R3,4,12,1475,909104.43
2019-03,354,S4,L2,R1,4,12,3513,2145721.86
2019-03,355,S2,L4,R2,4,12,1134,769494.96
2019-03,356,S3,L3,R1,4,14,1958,1025990.76
2019-03,357,S4,L1,R1,4,13,3019,1641670.92
2019-03,358,S3,L1,R1,4,12,2147,1301709.36
2019-03,359,S2,L3,R2,4,13,1151,805555.86
2019-03,360,S2,L1,R1,4,12,1363,944255.52
2019-03,361,S1,L3,R1,4,12,1580,912968.85
2019-03,362,S1,L3,R3,4,15,1696,961207.74
2019-03,363,S1,L1,R2,4,13,2002,1192770.96
2019-03,364,S2,L3,R2,4,12,1447,922307.1
2019-03,365,S2,L1,R2,4,12,1490,980200.71
2019-04,1,S1,L3,R1,7,10,1660,920739.12
2019-04,2,S3,L1,R3,7,11,2362,1349354.91
2019-04,3,S4,L2,R1,7,10,3211,1618992.24
2019-04,4,S1,L1,R2,7,11,1930,1072479.06
2019-04,5,S1,L1,R3,7,10,1942,1162758.03
2019-04,6,S4,L1,R1,7,10,2257,1204066.83
2019-04,7,S3,L1,R3,7,10,2088,1180038.0
2019-04,8,S4,L2,R2,7,14,2597,1475127.81
2019-04,9,S1,L1,R1,7,12,1653,1025200.35
2019-04,10,S4,L2,R3,7,11,2673,1676599.59
2019-04,11,S4,L2,R1,7,11,3412,1907000.04
2019-04,12,S1,L3,R2,7,9,1892,1111627.8
2019-04,13,S3,L3,R1,7,13,2847,1417605.18
2019-04,14,S3,L2,R4,7,11,2177,1502907.84
2019-04,15,S4,L2,R1,7,14,3431,1863096.3
2019-04,16,S1,L3,R1,7,11,1854,973257.78
2019-04,17,S1,L1,R2,7,14,1890,1023479.04
2019-04,18,S4,L1,R1,7,10,2572,1341170.67
2019-04,19,S1,L1,R3,7,14,1507,1044040.68
2019-04,20,S1,L1,R1,7,14,1589,1185066.63
2019-04,21,S3,L2,R4,7,9,2264,1370381.07
2019-04,22,S1,L1,R4,7,10,1454,1049046.24
2019-04,23,S1,L1,R4,7,13,1467,958495.11
2019-04,24,S1,L1,R2,7,10,1679,989287.95
2019-04,25,S1,L3,R1,7,12,1997,1084653.0
2019-04,26,S1,L1,R3,7,10,1823,1117558.14
2019-04,27,S1,L3,R3,7,10,1375,876825.48
2019-04,28,S3,L2,R3,7,11,2332,1523614.95
2019-04,29,S1,L4,R2,7,13,1477,854031.3
2019-04,30,S1,L2,R2,7,10,2027,1280921.25
2019-04,31,S1,L5,R2,7,10,1552,813133.29
2019-04,32,S1,L1,R2,7,14,1703,1116731.91
2019-04,33,S4,L2,R4,7,11,2600,1587668.88
2019-04,34,S1,L3,R1,7,12,1957,1050992.13
2019-04,35,S1,L1,R2,7,14,1849,1078279.23
2019-04,36,S1,L3,R4,7,10,1704,1000439.01
2019-04,37,S1,L3,R3,7,11,1396,896663.04
2019-04,38,S1,L3,R2,7,14,1276,778706.13
2019-04,39,S4,L1,R1,7,10,3263,1628473.2
2019-04,40,S1,L1,R4,7,14,1622,1133493.3900000001
2019-04,41,S1,L1,R2,7,10,1965,1253439.9
2019-04,42,S1,L4,R3,7,10,1585,893212.14
2019-04,43,S1,L1,R2,7,11,1728,1061849.7
2019-04,44,S1,L3,R2,7,13,1973,1049948.28
2019-04,45,S3,L1,R1,7,10,2102,1137403.17
2019-04,46,S2,L1,R2,7,14,1050,702363.24
2019-04,47,S4,L2,R2,7,14,2858,1582075.95
2019-04,48,S1,L1,R2,7,14,1527,1006997.88
2019-04,49,S4,L1,R2,7,10,3034,1617107.34
2019-04,50,S3,L2,R4,7,11,2192,1371519.06
2019-04,51,S1,L1,R2,7,14,1503,955529.13
2019-04,52,S1,L1,R3,7,11,1957,1226983.83
2019-04,53,S3,L1,R2,7,10,2031,1182955.26
2019-04,54,S1,L2,R3,7,10,1743,1247905.71
2019-04,55,S1,L1,R2,7,13,1886,1110401.4
2019-04,56,S2,L5,R3,7,14,1306,762831.15
2019-04,57,S4,L1,R1,7,11,2847,1479570.54
2019-04,58,S1,L1,R1,7,12,2510,1531081.95
2019-04,59,S1,L3,R1,7,11,1684,974211.99
2019-04,60,S1,L5,R2,7,10,1427,783423.5700000001
2019-04,61,S1,L1,R3,7,13,2114,1209004.14
2019-04,62,S2,L5,R1,7,14,1139,674361.18
2019-04,63,S1,L1,R2,7,14,1873,1168037.19
2019-04,64,S3,L1,R2,7,14,2355,1393467.27
2019-04,65,S1,L2,R2,7,14,1616,1127960.55
2019-04,66,S3,L3,R3,7,10,2105,1096896.3
2019-04,67,S2,L5,R1,7,10,921,515098.26
2019-04,68,S1,L2,R4,7,11,1879,1257266.07
2019-04,69,S1,L1,R4,7,14,1590,961976.58
2019-04,70,S1,L1,R3,7,10,1521,888470.67
2019-04,71,S2,L5,R1,7,11,989,582302.4
2019-04,72,S1,L2,R3,7,11,2155,1426912.44
2019-04,73,S3,L2,R4,7,11,2300,1558941.06
2019-04,74,S3,L1,R2,7,10,2305,1362236.22
2019-04,75,S3,L2,R3,7,11,2265,1474466.91
2019-04,76,S2,L3,R3,7,14,1140,741351.72
2019-04,77,S2,L5,R3,7,10,897,582116.67
2019-04,78,S1,L1,R4,7,10,1602,1050931.1400000001
2019-04,79,S2,L5,R4,7,10,1167,746228.34
2019-04,80,S1,L1,R1,7,11,1659,967087.08
2019-04,81,S3,L2,R1,7,10,2145,1451970.39
2019-04,82,S4,L2,R1,7,10,3139,1636498.38
2019-04,83,S2,L5,R1,7,11,821,535169.88
2019-04,84,S1,L1,R3,7,11,2029,1191436.29
2019-04,85,S4,L2,R1,7,13,4486,2387306.52
2019-04,86,S1,L1,R4,7,14,1554,984126.39
2019-04,87,S4,L2,R3,7,11,2947,2032205.88
2019-04,88,S2,L5,R2,7,14,955,579138.69
2019-04,89,S1,L4,R1,7,10,1539,833264.49
2019-04,90,S1,L1,R3,7,10,1996,1196860.5
2019-04,91,S3,L1,R1,7,14,2279,1360048.56
2019-04,92,S1,L4,R2,7,10,1628,874020.6
2019-04,93,S1,L1,R4,7,12,1715,1135940.55
2019-04,94,S4,L2,R2,7,14,2443,1464371.4
2019-04,95,S3,L1,R1,7,12,1900,1042629.78
2019-04,96,S3,L1,R3,7,10,2288,1314823.5
2019-04,97,S4,L1,R1,7,10,2641,1413263.31
2019-04,98,S2,L5,R2,7,10,975,630610.05
2019-04,99,S1,L1,R3,7,11,2438,1402770.75
2019-04,100,S1,L1,R2,7,10,1529,931976.91
2019-04,101,S1,L4,R3,7,14,1421,818562.03
2019-04,102,S4,L2,R1,7,11,2973,1737726.93
2019-04,103,S1,L3,R3,7,11,1734,987369.1799999999
2019-04,104,S1,L1,R2,7,14,1723,996121.38
2019-04,105,S4,L2,R1,7,10,2460,1384508.61
2019-04,106,S1,L1,R4,7,10,1753,1034853.99
2019-04,107,S1,L3,R3,7,10,1595,906483.3
2019-04,108,S1,L1,R4,7,11,1986,1288380.99
2019-04,109,S1,L1,R1,7,11,2071,1206322.98
2019-04,110,S2,L3,R3,7,11,1319,870126.69
2019-04,111,S1,L1,R2,7,11,1865,1155395.34
2019-04,112,S1,L1,R3,7,11,1828,1070190.84
2019-04,113,S2,L3,R3,7,10,1219,844593.36
2019-04,114,S3,L1,R4,7,11,2096,1249583.19
2019-04,115,S4,L2,R1,7,10,3075,1597272.48
2019-04,116,S2,L3,R3,7,12,1284,868684.41
2019-04,117,S1,L1,R3,7,11,1624,1037893.77
2019-04,118,S2,L1,R4,7,12,1413,991552.83
2019-04,119,S1,L1,R3,7,10,2085,1237544.67
2019-04,120,S3,L2,R2,7,12,2208,1573614.18
2019-04,121,S1,L1,R4,7,11,1977,1295817.0
2019-04,122,S1,L1,R2,7,10,1664,1130652.33
2019-04,123,S4,L2,R3,7,11,2341,1479209.25
2019-04,124,S3,L2,R3,7,10,2242,1491072.48
2019-04,125,S4,L2,R1,7,10,2637,1388493.9
2019-04,126,S4,L2,R2,7,11,4163,2533621.14
2019-04,127,S4,L2,R2,7,10,2915,1694475.69
2019-04,128,S1,L2,R2,7,11,2206,1546283.07
2019-04,129,S3,L1,R1,7,11,2074,1136153.4
2019-04,130,S1,L1,R3,7,14,1698,1001141.67
2019-04,131,S4,L2,R1,7,10,3523,1810396.02
2019-04,132,S1,L1,R3,7,10,1951,1198835.64
2019-04,133,S1,L1,R4,7,10,2044,1191352.86
2019-04,134,S1,L4,R1,7,11,1519,866914.8
2019-04,135,S1,L1,R4,7,11,1485,1010206.26
2019-04,136,S2,L5,R4,7,14,869,578882.9400000001
2019-04,137,S4,L1,R1,7,11,2419,1289189.91
2019-04,138,S1,L1,R1,7,13,1775,1040642.0700000001
2019-04,139,S4,L2,R2,7,10,2830,1593317.82
2019-04,140,S4,L1,R1,7,13,2318,1366893.45
2019-04,141,S1,L1,R2,7,14,1571,1029417.96
2019-04,142,S2,L1,R3,7,14,1267,830283.06
2019-04,143,S3,L2,R3,7,14,2193,1519977.42
2019-04,144,S1,L3,R3,7,12,1819,1026740.22
2019-04,145,S1,L3,R1,7,11,1848,981622.35
2019-04,146,S4,L2,R1,7,10,4618,2406771.21
2019-04,147,S4,L2,R4,7,12,3906,2067766.59
2019-04,148,S1,L1,R2,7,10,1435,926257.05
2019-04,149,S2,L3,R2,7,10,1198,750253.83
2019-04,150,S4,L2,R1,7,10,3121,1688573.82
2019-04,151,S1,L3,R2,7,12,1579,963714.9
2019-04,152,S2,L1,R1,7,14,1333,950099.34
2019-04,153,S4,L2,R1,7,9,3902,2182073.46
2019-04,154,S1,L3,R2,7,10,1885,986023.41
2019-04,155,S3,L1,R2,7,10,2026,1209519.9
2019-04,156,S1,L1,R3,7,10,1918,1218057.09
2019-04,157,S4,L2,R1,7,14,3295,1731030.21
2019-04,158,S4,L2,R2,7,10,3383,1648263.45
2019-04,159,S2,L1,R3,7,14,1124,770142.18
2019-04,160,S4,L2,R1,7,11,5404,2833359.12
2019-04,161,S1,L1,R3,7,10,1544,1103501.01
2019-04,162,S4,L1,R2,7,11,2601,1456173.24
2019-04,163,S1,L2,R3,7,11,2083,1386565.38
2019-04,164,S1,L1,R3,7,10,1642,1075044.09
2019-04,165,S1,L1,R2,7,14,1734,1002423.9
2019-04,166,S1,L1,R2,7,13,1479,954465.06
2019-04,167,S1,L1,R2,7,10,1554,889876.95
2019-04,168,S2,L3,R3,7,11,1368,915428.43
2019-04,169,S1,L2,R4,7,13,1871,1277973.9
2019-04,170,S1,L1,R2,7,13,1672,1144447.41
2019-04,171,S4,L2,R3,7,11,2698,1563392.04
2019-04,172,S1,L1,R1,7,12,1875,1101780.78
2019-04,173,S4,L2,R1,7,14,3448,2026518.81
2019-04,174,S1,L1,R4,7,14,1677,1089960.42
2019-04,175,S4,L2,R1,7,10,5502,2903390.07
2019-04,176,S4,L2,R3,7,11,3176,1905107.46
2019-04,177,S2,L1,R4,7,14,1339,894245.9400000001
2019-04,178,S3,L2,R3,7,10,2160,1378973.85
2019-04,179,S1,L1,R2,7,12,2210,1376343.48
2019-04,180,S1,L3,R2,7,13,1557,970643.61
2019-04,181,S3,L1,R3,7,10,2139,1132963.35
2019-04,182,S3,L1,R1,7,13,2439,1289121.21
2019-04,183,S1,L3,R1,7,11,2021,1070180.07
2019-04,184,S1,L2,R2,7,14,1638,1132997.58
2019-04,185,S1,L1,R3,7,13,1893,1280957.25
2019-04,186,S2,L5,R2,7,14,1033,662538.6
2019-04,187,S1,L1,R1,7,13,1524,937639.41
2019-04,188,S3,L2,R1,7,14,1981,1411575.39
2019-04,189,S2,L3,R3,7,12,1366,941781.69
2019-04,190,S3,L3,R1,7,11,2155,1103480.88
2019-04,191,S3,L1,R1,7,14,2214,1202637.57
2019-04,192,S1,L1,R3,7,10,1738,1095483.54
2019-04,193,S2,L3,R4,7,10,1260,847287.51
2019-04,194,S1,L1,R2,7,10,1900,1147043.31
2019-04,195,S4,L1,R1,7,12,2939,1527991.71
2019-04,196,S1,L1,R3,7,12,1708,1217038.95
2019-04,197,S2,L5,R1,7,10,1135,659910.99
2019-04,198,S4,L2,R3,7,10,2754,1630897.77
2019-04,199,S1,L1,R4,7,14,1506,981223.8
2019-04,200,S2,L1,R2,7,13,1271,993333.18
2019-04,201,S4,L1,R1,7,10,3203,1590284.25
2019-04,202,S4,L2,R2,7,11,2519,1506775.08
2019-04,203,S2,L4,R2,7,14,1257,739045.29
2019-04,204,S4,L1,R3,7,10,2462,1375608.3
2019-04,205,S1,L1,R2,7,11,1846,1092304.8
2019-04,206,S1,L1,R1,7,14,2178,1392968.88
2019-04,207,S1,L1,R3,7,14,1690,1160977.65
2019-04,208,S3,L1,R1,7,13,2060,1119495.27
2019-04,209,S1,L1,R1,7,11,1662,1030866.54
2019-04,210,S1,L5,R1,7,11,1444,756799.08
2019-04,211,S4,L2,R1,7,10,2909,1535314.65
2019-04,212,S4,L2,R3,7,15,3095,1745759.61
2019-04,213,S1,L1,R2,7,14,2064,1199036.37
2019-04,214,S1,L1,R4,7,11,1586,1027433.31
2019-04,215,S3,L2,R1,7,11,2037,1312848.66
2019-04,216,S2,L5,R1,7,10,1139,639071.52
2019-04,217,S4,L1,R1,7,13,2500,1309642.29
2019-04,218,S1,L3,R2,7,14,1481,844125.42
2019-04,219,S4,L2,R1,7,10,3857,1922494.71
2019-04,220,S2,L4,R3,7,14,1194,748345.86
2019-04,221,S1,L1,R2,7,14,1784,1050728.85
2019-04,222,S4,L2,R2,7,11,3069,1677296.91
2019-04,223,S2,L5,R2,7,10,1384,816214.29
2019-04,224,S1,L2,R2,7,14,1976,1313238.45
2019-04,225,S1,L1,R1,7,11,1648,1000362.06
2019-04,226,S2,L5,R4,7,10,1102,666867.99
2019-04,227,S4,L2,R1,7,14,2364,1434477.3
2019-04,228,S1,L1,R1,7,11,1500,903315.69
2019-04,229,S1,L1,R2,7,14,1818,1030335.24
2019-04,230,S2,L4,R4,7,14,1015,689137.41
2019-04,231,S4,L2,R3,7,11,2916,1584818.04
2019-04,232,S1,L1,R4,7,14,1619,1001230.68
2019-04,233,S1,L3,R3,7,13,1259,699663.33
2019-04,234,S2,L4,R2,7,14,1056,693998.55
2019-04,235,S1,L1,R3,7,13,1580,1115234.97
2019-04,236,S1,L1,R3,7,14,1742,1097187.81
2019-04,237,S2,L3,R3,7,12,1098,790729.56
2019-04,238,S1,L1,R2,7,14,1385,939729.81
2019-04,239,S3,L1,R3,7,10,2079,1249459.89
2019-04,240,S3,L2,R3,7,10,2241,1326545.16
2019-04,241,S1,L1,R4,7,10,1725,1151436.15
2019-04,242,S4,L1,R1,7,11,2767,1384675.56
2019-04,243,S4,L2,R2,7,14,2133,1420658.1
2019-04,244,S2,L5,R4,7,10,1343,771353.79
2019-04,245,S4,L1,R2,7,15,2555,1452535.35
2019-04,246,S3,L1,R3,7,10,2241,1391503.14
2019-04,247,S1,L1,R3,7,10,1505,988251.66
2019-04,248,S1,L1,R2,7,11,1525,995414.61
2019-04,249,S1,L3,R2,7,11,1979,1071524.94
2019-04,250,S2,L3,R4,7,14,1203,800184.0
2019-04,251,S2,L3,R1,7,11,1361,872697.27
2019-04,252,S3,L2,R1,7,11,2253,1426436.19
2019-04,253,S4,L2,R1,7,10,3203,1735174.62
2019-04,254,S4,L1,R1,7,11,2315,1292451.57
2019-04,255,S3,L2,R4,7,12,2294,1515836.6400000001
2019-04,256,S1,L2,R4,7,14,1888,1341392.49
2019-04,257,S1,L3,R1,7,13,1778,1015565.49
2019-04,258,S2,L4,R4,7,11,1142,740152.95
2019-04,259,S4,L1,R1,7,14,2387,1233180.12
2019-04,260,S1,L1,R4,7,11,1682,1038081.51
2019-04,261,S4,L2,R1,7,11,2651,1515647.04
2019-04,262,S1,L1,R1,7,11,1696,1081659.84
2019-04,263,S1,L5,R1,7,10,1555,765614.13
2019-04,264,S3,L1,R3,7,11,2110,1289869.71
2019-04,265,S2,L4,R2,7,14,1113,667095.72
2019-04,266,S1,L1,R4,7,14,1911,1182070.2
2019-04,267,S4,L2,R1,7,14,2730,1660298.85
2019-04,268,S1,L2,R1,7,10,1832,1195114.2
2019-04,269,S1,L4,R1,7,14,1626,901388.7
2019-04,270,S1,L1,R2,7,11,1598,990256.6799999999
2019-04,271,S1,L3,R2,7,10,2251,1199361.51
2019-04,272,S2,L4,R2,7,11,1445,816730.74
2019-04,273,S2,L3,R4,7,13,1164,832757.25
2019-04,274,S4,L2,R4,7,11,2593,1583918.46
2019-04,275,S4,L1,R1,7,13,2653,1537689.3
2019-04,276,S1,L1,R2,7,11,2289,1371243.87
2019-04,277,S1,L3,R1,7,10,1841,1001985.66
2019-04,278,S4,L1,R4,7,10,2913,1546830.21
2019-04,279,S2,L3,R2,7,14,1267,814461.9
2019-04,280,S4,L2,R2,7,10,3215,1696056.06
2019-04,281,S1,L4,R1,7,12,1594,844633.89
2019-04,282,S1,L2,R2,7,10,1973,1428125.49
2019-04,283,S4,L1,R1,7,10,2696,1369911.63
2019-04,284,S4,L2,R3,7,11,2656,1621805.37
2019-04,285,S1,L3,R3,7,11,1523,952877.46
2019-04,286,S4,L2,R4,7,12,3846,2284373.61
2019-04,287,S1,L4,R1,7,11,1821,919437.57
2019-04,288,S3,L2,R3,7,10,2093,1286003.22
2019-04,289,S2,L5,R2,7,11,1174,679867.44
2019-04,290,S1,L1,R3,7,14,1592,977542.92
2019-04,291,S1,L3,R1,7,14,1972,1057323.45
2019-04,292,S1,L1,R1,7,14,1594,1027814.97
2019-04,293,S2,L4,R2,7,10,1155,748187.31
2019-04,294,S4,L2,R2,7,10,3231,1738735.77
2019-04,295,S1,L1,R1,7,14,1491,978684.93
2019-04,296,S1,L1,R1,7,14,1666,984745.44
2019-04,297,S2,L3,R4,7,11,1398,852649.53
2019-04,298,S4,L1,R1,7,9,4394,2067910.02
2019-04,299,S1,L1,R3,7,11,1830,1276980.18
2019-04,300,S2,L5,R2,7,15,1190,666769.11
2019-04,301,S1,L3,R2,7,14,1631,911625.36
2019-04,302,S1,L4,R2,7,11,1555,831427.38
2019-04,303,S4,L2,R1,7,9,4066,2153095.92
2019-04,304,S1,L1,R4,7,10,1589,934181.34
2019-04,305,S4,L1,R1,7,11,2803,1440164.94
2019-04,306,S1,L3,R2,7,11,1389,846927.12
2019-04,307,S1,L5,R2,7,13,1673,878401.89
2019-04,308,S4,L2,R3,7,11,2794,1583743.92
2019-04,309,S1,L5,R1,7,12,1742,837417.78
2019-04,310,S2,L5,R1,7,10,1251,696038.0700000001
2019-04,311,S4,L2,R2,7,10,3138,1776980.16
2019-04,312,S4,L2,R1,7,14,4461,2303918.58
2019-04,313,S1,L3,R1,7,13,1677,982141.05
2019-04,314,S1,L1,R2,7,10,1935,1127255.73
2019-04,315,S4,L2,R1,7,15,5528,2999144.52
2019-04,316,S4,L2,R1,7,12,2676,1632561.99
2019-04,317,S3,L1,R1,7,10,2646,1401641.7
2019-04,318,S1,L3,R2,7,14,1712,979329.99
2019-04,319,S3,L1,R2,7,10,2225,1306948.44
2019-04,320,S2,L3,R2,7,11,1258,752972.04
2019-04,321,S3,L1,R2,7,10,2146,1232365.53
2019-04,322,S2,L3,R4,7,10,1387,930297.84
2019-04,323,S1,L4,R1,7,12,1652,896373.12
2019-04,324,S1,L2,R3,7,10,2031,1440257.01
2019-04,325,S3,L1,R2,7,14,2282,1429211.67
2019-04,326,S3,L1,R1,7,11,2333,1364255.79
2019-04,327,S4,L1,R3,7,10,2784,1440193.59
2019-04,328,S1,L3,R1,7,14,1332,791598.5700000001
2019-04,329,S4,L2,R3,7,10,2408,1483625.46
2019-04,330,S4,L2,R1,7,11,2965,1616769.09
2019-04,331,S1,L1,R4,7,14,1595,1028883.27
2019-04,332,S2,L5,R1,7,11,1290,734673.78
2019-04,333,S1,L1,R3,7,11,1519,1006107.21
2019-04,334,S3,L2,R2,7,13,2279,1482827.64
2019-04,335,S1,L1,R3,7,10,1981,1169725.1400000001
2019-04,336,S4,L2,R1,7,11,3769,1993334.76
2019-04,337,S4,L2,R1,7,13,5159,2711186.97
2019-04,338,S4,L2,R1,7,10,2954,1720209.27
2019-04,339,S4,L2,R1,7,11,3260,1720046.46
2019-04,340,S4,L2,R3,7,11,2658,1554597.66
2019-04,341,S1,L1,R2,7,14,2047,1184061.15
2019-04,342,S4,L1,R1,7,12,2972,1539342.6
2019-04,343,S1,L1,R2,7,10,1553,1053998.73
2019-04,344,S1,L5,R1,7,14,1933,927252.6
2019-04,345,S1,L1,R3,7,10,1651,1195071.93
2019-04,346,S4,L1,R1,7,11,3054,1603589.67
2019-04,347,S1,L1,R1,7,11,1820,1124390.04
2019-04,348,S3,L1,R1,7,10,2035,1111176.48
2019-04,349,S1,L1,R4,7,11,1884,1148278.14
2019-04,350,S1,L3,R2,7,10,1762,1006289.25
2019-04,351,S1,L4,R3,7,11,1478,837872.8200000001
2019-04,352,S4,L1,R1,7,10,2611,1486242.99
2019-04,353,S1,L3,R3,7,11,1518,928748.19
2019-04,354,S4,L2,R1,7,14,3450,2076172.08
2019-04,355,S2,L4,R2,7,14,1095,719692.59
2019-04,356,S3,L3,R1,7,10,1839,939449.31
2019-04,357,S4,L1,R1,7,10,2617,1405309.53
2019-04,358,S3,L1,R1,7,14,2068,1221170.79
2019-04,359,S2,L3,R2,7,10,1139,787306.2
2019-04,360,S2,L1,R1,7,14,1337,896370.72
2019-04,361,S1,L3,R1,7,11,1510,849907.86
2019-04,362,S1,L3,R3,7,10,1571,891165.93
2019-04,363,S1,L1,R2,7,13,1991,1126135.23
2019-04,364,S2,L3,R2,7,14,1331,828960.96
2019-04,365,S2,L1,R2,7,11,1444,942977.52
2019-05,1,S1,L3,R1,3,15,2085,1353367.98
2019-05,2,S3,L1,R3,3,14,2747,1796640.21
2019-05,3,S4,L2,R1,3,15,5031,3066281.43
2019-05,4,S1,L1,R2,3,14,2162,1383565.89
2019-05,5,S1,L1,R3,3,15,2397,1672675.92
2019-05,6,S4,L1,R1,3,15,2995,1877827.53
2019-05,7,S3,L1,R3,3,15,2542,1711969.26
2019-05,8,S4,L2,R2,3,14,2649,1700527.74
2019-05,9,S1,L1,R1,3,12,1673,1180526.01
2019-05,10,S4,L2,R3,3,14,2901,2130260.76
2019-05,11,S4,L2,R1,3,14,4022,2566526.07
2019-05,12,S1,L3,R2,3,15,1934,1284095.04
2019-05,13,S3,L3,R1,3,12,2995,1702963.71
2019-05,14,S3,L2,R4,3,14,2366,1892577.69
2019-05,15,S4,L2,R1,3,15,3684,2276952.84
2019-05,16,S1,L3,R1,3,14,2136,1299407.61
2019-05,17,S1,L1,R2,3,15,2124,1281327.96
2019-05,18,S4,L1,R1,3,15,3320,2033989.23
2019-05,19,S1,L1,R3,3,15,1614,1249403.04
2019-05,20,S1,L1,R1,3,15,1701,1409554.5
2019-05,21,S3,L2,R4,3,15,2813,2040859.92
2019-05,22,S1,L1,R4,3,15,1619,1368319.47
2019-05,23,S1,L1,R4,3,16,1567,1161865.65
2019-05,24,S1,L1,R2,3,15,2008,1377685.5
2019-05,25,S1,L3,R1,3,12,1976,1232639.28
2019-05,26,S1,L1,R3,3,15,2426,1756619.28
2019-05,27,S1,L3,R3,3,14,1603,1227368.16
2019-05,28,S3,L2,R3,3,14,2676,2040183.96
2019-05,29,S1,L4,R2,3,16,1601,1036339.17
2019-05,30,S1,L2,R2,3,15,2366,1745363.07
2019-05,31,S1,L5,R2,3,14,1792,1081901.94
2019-05,32,S1,L1,R2,3,15,1772,1332453.72
2019-05,33,S4,L2,R4,3,14,3028,2162830.44
2019-05,34,S1,L3,R1,3,13,2124,1284051.03
2019-05,35,S1,L1,R2,3,15,1918,1269522.66
2019-05,36,S1,L3,R4,3,14,2109,1449303.21
2019-05,37,S1,L3,R3,3,14,1543,1139756.25
2019-05,38,S1,L3,R2,3,15,1373,960005.88
2019-05,39,S4,L1,R1,3,15,3408,1898058.24
2019-05,40,S1,L1,R4,3,15,1688,1320816.72
2019-05,41,S1,L1,R2,3,15,2206,1611567.81
2019-05,42,S1,L4,R3,3,14,1978,1304546.97
2019-05,43,S1,L1,R2,3,14,1922,1354235.31
2019-05,44,S1,L3,R2,3,16,2149,1300901.79
2019-05,45,S3,L1,R1,3,15,2682,1704002.76
2019-05,46,S2,L1,R2,3,15,1154,862986.66
2019-05,47,S4,L2,R2,3,15,2928,1847852.85
2019-05,48,S1,L1,R2,3,15,1553,1196681.37
2019-05,49,S4,L1,R2,3,15,3350,2064206.85
2019-05,50,S3,L2,R4,3,14,2399,1751740.14
2019-05,51,S1,L1,R2,3,15,1522,1092654.87
2019-05,52,S1,L1,R3,3,14,2282,1671261.3
2019-05,53,S3,L1,R2,3,15,2678,1902868.56
2019-05,54,S1,L2,R3,3,15,1889,1605948.09
2019-05,55,S1,L1,R2,3,16,2096,1389034.08
2019-05,56,S2,L5,R3,3,15,1345,895885.44
2019-05,57,S4,L1,R1,3,14,3303,1959203.61
2019-05,58,S1,L1,R1,3,13,2470,1692100.86
2019-05,59,S1,L3,R1,3,14,1953,1269251.25
2019-05,60,S1,L5,R2,3,14,1619,1019444.16
2019-05,61,S1,L1,R3,3,16,2258,1479243.42
2019-05,62,S2,L5,R1,3,15,1181,796137.12
2019-05,63,S1,L1,R2,3,15,1993,1406377.8
2019-05,64,S3,L1,R2,3,15,2518,1689679.5
2019-05,65,S1,L2,R2,3,15,1716,1354692.81
2019-05,66,S3,L3,R3,3,15,2496,1518069.6
2019-05,67,S2,L5,R1,3,15,1317,877980.45
2019-05,68,S1,L2,R4,3,14,2144,1696277.82
2019-05,69,S1,L1,R4,3,15,1650,1132823.73
2019-05,70,S1,L1,R3,3,15,1858,1227502.62
2019-05,71,S2,L5,R1,3,14,1107,759210.12
2019-05,72,S1,L2,R3,3,14,2237,1704998.25
2019-05,73,S3,L2,R4,3,14,2521,1971064.11
2019-05,74,S3,L1,R2,3,15,2704,1894553.22
2019-05,75,S3,L2,R3,3,14,2572,1943083.98
2019-05,76,S2,L3,R3,3,15,1220,902914.23
2019-05,77,S2,L5,R3,3,14,979,736823.37
2019-05,78,S1,L1,R4,3,15,1849,1431209.19
2019-05,79,S2,L5,R4,3,15,1336,984250.35
2019-05,80,S1,L1,R1,3,14,1870,1263667.29
2019-05,81,S3,L2,R1,3,15,2614,2097335.31
2019-05,82,S4,L2,R1,3,15,4889,3049684.59
2019-05,83,S2,L5,R1,3,14,867,648304.14
2019-05,84,S1,L1,R3,3,14,2270,1537047.45
2019-05,85,S4,L2,R1,3,12,4677,2827697.31
2019-05,86,S1,L1,R4,3,15,1518,1087900.35
2019-05,87,S4,L2,R3,3,14,3348,2782901.91
2019-05,88,S2,L5,R2,3,15,1034,699381.54
2019-05,89,S1,L4,R1,3,14,2094,1303837.59
2019-05,90,S1,L1,R3,3,15,2373,1644110.19
2019-05,91,S3,L1,R1,3,15,2480,1675415.04
2019-05,92,S1,L4,R2,3,14,1986,1246251.78
2019-05,93,S1,L1,R4,3,12,1769,1327005.9
2019-05,94,S4,L2,R2,3,15,2643,1775487.0
2019-05,95,S3,L1,R1,3,12,2056,1286250.15
2019-05,96,S3,L1,R3,3,15,2797,1854478.47
2019-05,97,S4,L1,R1,3,15,3060,1886717.97
2019-05,98,S2,L5,R2,3,15,1186,914050.71
2019-05,99,S1,L1,R3,3,14,2259,1463350.08
2019-05,100,S1,L1,R2,3,15,1737,1246916.76
2019-05,101,S1,L4,R3,3,15,1448,943126.44
2019-05,102,S4,L2,R1,3,14,3402,2306380.56
2019-05,103,S1,L3,R3,3,14,2000,1299992.88
2019-05,104,S1,L1,R2,3,15,1890,1230698.79
2019-05,105,S4,L2,R1,3,15,3316,2214220.47
2019-05,106,S1,L1,R4,3,14,2100,1450582.83
2019-05,107,S1,L3,R3,3,15,1977,1338015.72
2019-05,108,S1,L1,R4,3,14,2161,1636068.12
2019-05,109,S1,L1,R1,3,14,2427,1649510.46
2019-05,110,S2,L3,R3,3,14,1426,1090523.94
2019-05,111,S1,L1,R2,3,14,2146,1560858.42
2019-05,112,S1,L1,R3,3,14,2020,1378540.86
2019-05,113,S2,L3,R3,3,15,1353,1107770.07
2019-05,114,S3,L1,R4,3,14,2421,1669221.03
2019-05,115,S4,L2,R1,3,15,3989,2402164.71
2019-05,116,S2,L3,R3,3,12,1194,936286.86
2019-05,117,S1,L1,R3,3,14,1802,1336346.04
2019-05,118,S2,L1,R4,3,12,1396,1115183.79
2019-05,119,S1,L1,R3,3,14,2273,1560823.05
2019-05,120,S3,L2,R2,3,12,2303,1853931.72
2019-05,121,S1,L1,R4,3,14,2126,1606688.94
2019-05,122,S1,L1,R2,3,15,1955,1562645.22
2019-05,123,S4,L2,R3,3,14,2590,1895324.28
2019-05,124,S3,L2,R3,3,14,2637,2099833.65
2019-05,125,S4,L2,R1,3,15,3848,2398692.63
2019-05,126,S4,L2,R2,3,14,4718,3243863.7
2019-05,127,S4,L2,R2,3,14,3289,2193939.18
2019-05,128,S1,L2,R2,3,14,2447,1965258.57
2019-05,129,S3,L1,R1,3,14,2391,1496931.06
2019-05,130,S1,L1,R3,3,15,1792,1175886.75
2019-05,131,S4,L2,R1,3,15,4543,2701291.95
2019-05,132,S1,L1,R3,3,14,2437,1774481.31
2019-05,133,S1,L1,R4,3,14,2316,1585771.74
2019-05,134,S1,L4,R1,3,14,1671,1112205.36
2019-05,135,S1,L1,R4,3,14,1589,1258482.42
2019-05,136,S2,L5,R4,3,15,912,687753.9
2019-05,137,S4,L1,R1,3,14,2830,1750085.01
2019-05,138,S1,L1,R1,3,12,1888,1263435.48
2019-05,139,S4,L2,R2,3,15,3884,2605182.36
2019-05,140,S4,L1,R1,3,16,2490,1651297.35
2019-05,141,S1,L1,R2,3,15,1719,1270402.2
2019-05,142,S2,L1,R3,3,15,1377,1021193.22
2019-05,143,S3,L2,R3,3,15,2355,1845269.79
2019-05,144,S1,L3,R3,3,12,1974,1267274.25
2019-05,145,S1,L3,R1,3,14,2216,1348269.24
2019-05,146,S4,L2,R1,3,15,5848,3526620.45
2019-05,147,S4,L2,R4,3,12,3747,2286382.32
2019-05,148,S1,L1,R2,3,15,1554,1167897.06
2019-05,149,S2,L3,R2,3,15,1695,1262276.52
2019-05,150,S4,L2,R1,3,15,4587,2877008.22
2019-05,151,S1,L3,R2,3,12,1539,1051506.0
2019-05,152,S2,L1,R1,3,15,1434,1149382.68
2019-05,153,S4,L2,R1,3,15,5035,3248392.71
2019-05,154,S1,L3,R2,3,14,2268,1386775.86
2019-05,155,S3,L1,R2,3,15,2527,1787378.97
2019-05,156,S1,L1,R3,3,14,2224,1677687.51
2019-05,157,S4,L2,R1,3,15,3338,1996446.69
2019-05,158,S4,L2,R2,3,18,3913,2184015.57
2019-05,159,S2,L1,R3,3,15,1134,880492.74
2019-05,160,S4,L2,R1,3,12,5123,2927493.06
2019-05,161,S1,L1,R3,3,14,1616,1377230.19
2019-05,162,S4,L1,R2,3,14,2837,1838154.3900000001
2019-05,163,S1,L2,R3,3,14,2283,1803079.05
2019-05,164,S1,L1,R3,3,15,1898,1427643.06
2019-05,165,S1,L1,R2,3,15,1812,1179704.25
2019-05,166,S1,L1,R2,3,16,1587,1151411.4
2019-05,167,S1,L1,R2,3,15,2222,1526402.91
2019-05,168,S2,L3,R3,3,14,1461,1126903.29
2019-05,169,S1,L2,R4,3,16,1981,1534092.84
2019-05,170,S1,L1,R2,3,16,1824,1412001.51
2019-05,171,S4,L2,R3,3,14,3112,2100606.93
2019-05,172,S1,L1,R1,3,12,1969,1289697.24
2019-05,173,S4,L2,R1,3,15,3671,2453069.19
2019-05,174,S1,L1,R4,3,15,1689,1233220.44
2019-05,175,S4,L2,R1,3,14,7387,4440302.94
2019-05,176,S4,L2,R3,3,14,3493,2420523.24
2019-05,177,S2,L1,R4,3,15,1420,1091596.89
2019-05,178,S3,L2,R3,3,15,2537,1866357.48
2019-05,179,S1,L1,R2,3,12,1995,1404027.81
2019-05,180,S1,L3,R2,3,16,1690,1206703.17
2019-05,181,S3,L1,R3,3,14,2441,1524490.1400000001
2019-05,182,S3,L1,R1,3,12,2671,1584529.59
2019-05,183,S1,L3,R1,3,14,2214,1353518.43
2019-05,184,S1,L2,R2,3,15,1779,1405186.29
2019-05,185,S1,L1,R3,3,11,1839,1391003.01
2019-05,186,S2,L5,R2,3,15,1074,783941.43
2019-05,187,S1,L1,R1,3,16,1585,1118842.5
2019-05,188,S3,L2,R1,3,15,2108,1673841.3
2019-05,189,S2,L3,R3,3,12,1309,1036836.3
2019-05,190,S3,L3,R1,3,14,2682,1556010.12
2019-05,191,S3,L1,R1,3,15,2369,1456452.54
2019-05,192,S1,L1,R3,3,15,2221,1649616.42
2019-05,193,S2,L3,R4,3,15,1395,1101957.9
2019-05,194,S1,L1,R2,3,15,2216,1552028.94
2019-05,195,S4,L1,R1,3,12,3164,1876607.7
2019-05,196,S1,L1,R3,3,12,1716,1410093.48
2019-05,197,S2,L5,R1,3,15,1530,1057604.64
2019-05,198,S4,L2,R3,3,14,3239,2249212.74
2019-05,199,S1,L1,R4,3,15,1594,1176092.88
2019-05,200,S2,L1,R2,3,16,1357,1214700.6
2019-05,201,S4,L1,R1,3,15,4128,2371827.51
2019-05,202,S4,L2,R2,3,14,2940,2053097.85
2019-05,203,S2,L4,R2,3,15,1326,889276.29
2019-05,204,S4,L1,R3,3,15,2747,1706064.72
2019-05,205,S1,L1,R2,3,14,2206,1517188.41
2019-05,206,S1,L1,R1,3,15,2350,1674406.92
2019-05,207,S1,L1,R3,3,15,1805,1402381.53
2019-05,208,S3,L1,R1,3,16,2293,1414060.68
2019-05,209,S1,L1,R1,3,14,2002,1452144.15
2019-05,210,S1,L5,R1,3,14,1759,1074012.87
2019-05,211,S4,L2,R1,3,15,4091,2512755.36
2019-05,212,S4,L2,R3,3,14,3253,2036269.86
2019-05,213,S1,L1,R2,3,15,2198,1435797.3
2019-05,214,S1,L1,R4,3,14,1823,1368302.22
2019-05,215,S3,L2,R1,3,14,2258,1693801.44
2019-05,216,S2,L5,R1,3,15,1201,761562.9
2019-05,217,S4,L1,R1,3,12,2534,1497087.6
2019-05,218,S1,L3,R2,3,15,1508,971128.38
2019-05,219,S4,L2,R1,3,15,4715,2690746.62
2019-05,220,S2,L4,R3,3,15,1267,889428.45
2019-05,221,S1,L1,R2,3,15,1694,1135416.99
2019-05,222,S4,L2,R2,3,15,3163,1905362.88
2019-05,223,S2,L5,R2,3,15,1619,1098007.02
2019-05,224,S1,L2,R2,3,15,2186,1646324.31
2019-05,225,S1,L1,R1,3,14,1913,1348198.41
2019-05,226,S2,L5,R4,3,14,1236,883530.78
2019-05,227,S4,L2,R1,3,15,2523,1723396.26
2019-05,228,S1,L1,R1,3,14,1736,1216788.33
2019-05,229,S1,L1,R2,3,15,2010,1278769.68
2019-05,230,S2,L4,R4,3,15,1118,857224.89
2019-05,231,S4,L2,R3,3,14,3311,2067102.48
2019-05,232,S1,L1,R4,3,15,1734,1224718.08
2019-05,233,S1,L3,R3,3,14,1366,861698.58
2019-05,234,S2,L4,R2,3,15,1143,848131.77
2019-05,235,S1,L1,R3,3,16,1730,1376270.13
2019-05,236,S1,L1,R3,3,15,1821,1296780.66
2019-05,237,S2,L3,R3,3,12,1039,849516.48
2019-05,238,S1,L1,R2,3,15,1464,1121568.96
2019-05,239,S3,L1,R3,3,15,2673,1876431.81
2019-05,240,S3,L2,R3,3,15,2939,2045797.11
2019-05,241,S1,L1,R4,3,15,1859,1441001.22
2019-05,242,S4,L1,R1,3,14,3257,1867362.99
2019-05,243,S4,L2,R2,3,15,2309,1729969.32
2019-05,244,S2,L5,R4,3,14,1563,1046388.51
2019-05,245,S4,L1,R2,3,15,2752,1737752.88
2019-05,246,S3,L1,R3,3,14,2666,1937172.06
2019-05,247,S1,L1,R3,3,15,1755,1353145.2
2019-05,248,S1,L1,R2,3,14,1657,1239395.16
2019-05,249,S1,L3,R2,3,14,2275,1430851.8
2019-05,250,S2,L3,R4,3,15,1269,941950.53
2019-05,251,S2,L3,R1,3,14,1545,1152561.57
2019-05,252,S3,L2,R1,3,14,2626,1968686.91
2019-05,253,S4,L2,R1,3,15,4232,2802654.9
2019-05,254,S4,L1,R1,3,14,2699,1766020.89
2019-05,255,S3,L2,R4,3,12,2359,1766683.86
2019-05,256,S1,L2,R4,3,15,1981,1577821.23
2019-05,257,S1,L3,R1,3,12,1815,1158992.46
2019-05,258,S2,L4,R4,3,13,1152,852558.6
2019-05,259,S4,L1,R1,3,15,2621,1526404.92
2019-05,260,S1,L1,R4,3,14,1805,1294121.52
2019-05,261,S4,L2,R1,3,14,3040,2011021.62
2019-05,262,S1,L1,R1,3,14,1786,1325900.37
2019-05,263,S1,L5,R1,3,14,1998,1135957.77
2019-05,264,S3,L1,R3,3,14,2423,1735043.01
2019-05,265,S2,L4,R2,3,15,1204,820646.88
2019-05,266,S1,L1,R4,3,15,2107,1463438.43
2019-05,267,S4,L2,R1,3,15,2976,2034682.2
2019-05,268,S1,L2,R1,3,15,2618,2021716.47
2019-05,269,S1,L4,R1,3,15,1747,1090444.32
2019-05,270,S1,L1,R2,3,14,1761,1291340.1
2019-05,271,S1,L3,R2,3,15,2143,1274629.86
2019-05,272,S2,L4,R2,3,14,1605,1038785.97
2019-05,273,S2,L3,R4,3,12,1126,890428.68
2019-05,274,S4,L2,R4,3,14,3011,2136601.14
2019-05,275,S4,L1,R1,3,11,2299,1425949.74
2019-05,276,S1,L1,R2,3,12,2128,1387858.62
2019-05,277,S1,L3,R1,3,15,2289,1432554.27
2019-05,278,S4,L1,R4,3,15,3321,2020781.34
2019-05,279,S2,L3,R2,3,15,1321,966123.39
2019-05,280,S4,L2,R2,3,15,4439,2762187.78
2019-05,281,S1,L4,R1,3,12,1888,1113218.07
2019-05,282,S1,L2,R2,3,15,2143,1799694.72
2019-05,283,S4,L1,R1,3,14,3293,1932285.24
2019-05,284,S4,L2,R3,3,14,3069,2192621.28
2019-05,285,S1,L3,R3,3,14,1740,1254105.18
2019-05,286,S4,L2,R4,3,12,3485,2235470.04
2019-05,287,S1,L4,R1,3,14,2196,1273217.37
2019-05,288,S3,L2,R3,3,15,2580,1813161.78
2019-05,289,S2,L5,R2,3,14,1262,827749.08
2019-05,290,S1,L1,R3,3,15,1693,1178097.84
2019-05,291,S1,L3,R1,3,15,2008,1206987.99
2019-05,292,S1,L1,R1,3,15,1781,1303884.75
2019-05,293,S2,L4,R2,3,15,1286,975112.35
2019-05,294,S4,L2,R2,3,15,4388,2786975.19
2019-05,295,S1,L1,R1,3,15,1688,1256244.72
2019-05,296,S1,L1,R1,3,15,1788,1198782.54
2019-05,297,S2,L3,R4,3,14,1624,1149369.48
2019-05,298,S4,L1,R1,3,15,4065,2183273.49
2019-05,299,S1,L1,R3,3,14,1849,1489986.48
2019-05,300,S2,L5,R2,3,11,1161,722935.86
2019-05,301,S1,L3,R2,3,15,1758,1105733.1
2019-05,302,S1,L4,R2,3,14,1759,1088936.46
2019-05,303,S4,L2,R1,3,14,3964,2334390.15
2019-05,304,S1,L1,R4,3,15,2046,1424779.8
2019-05,305,S4,L1,R1,3,14,3203,1915561.23
2019-05,306,S1,L3,R2,3,14,1607,1144444.41
2019-05,307,S1,L5,R2,3,12,1803,1068684.0
2019-05,308,S4,L2,R3,3,14,3174,2107583.94
2019-05,309,S1,L5,R1,3,12,1987,1063047.15
2019-05,310,S2,L5,R1,3,15,1430,901582.41
2019-05,311,S4,L2,R2,3,13,3260,2033198.4
2019-05,312,S4,L2,R1,3,15,4902,2839781.67
2019-05,313,S1,L3,R1,3,16,1779,1171751.01
2019-05,314,S1,L1,R2,3,15,2262,1557687.18
2019-05,315,S4,L2,R1,3,11,5265,3078659.16
2019-05,316,S4,L2,R1,3,12,2536,1798667.94
2019-05,317,S3,L1,R1,3,13,2686,1575599.4
2019-05,318,S1,L3,R2,3,15,1762,1140012.0
2019-05,319,S3,L1,R2,3,14,2755,1915225.29
2019-05,320,S2,L3,R2,3,14,1464,1025687.13
2019-05,321,S3,L1,R2,3,14,2598,1731918.72
2019-05,322,S2,L3,R4,3,15,1545,1227291.09
2019-05,323,S1,L4,R1,3,12,1762,1090214.61
2019-05,324,S1,L2,R3,3,14,2538,2152706.16
2019-05,325,S3,L1,R2,3,15,2509,1768321.2
2019-05,326,S3,L1,R1,3,14,2670,1792803.72
2019-05,327,S4,L1,R3,3,14,3042,1812668.28
2019-05,328,S1,L3,R1,3,15,1372,932403.51
2019-05,329,S4,L2,R3,3,15,3098,2242185.18
2019-05,330,S4,L2,R1,3,14,3292,2078177.52
2019-05,331,S1,L1,R4,3,15,1634,1197673.56
2019-05,332,S2,L5,R1,3,14,1487,980499.54
2019-05,333,S1,L1,R3,3,14,1701,1344702.75
2019-05,334,S3,L2,R2,3,16,2450,1819597.56
2019-05,335,S1,L1,R3,3,14,2583,1777028.43
2019-05,336,S4,L2,R1,3,14,4299,2666294.52
2019-05,337,S4,L2,R1,3,16,5315,3178157.46
2019-05,338,S4,L2,R1,3,14,3441,2367772.89
2019-05,339,S4,L2,R1,3,14,3822,2333841.99
2019-05,340,S4,L2,R3,3,14,3018,2055513.99
2019-05,341,S1,L1,R2,3,15,2216,1446618.66
2019-05,342,S4,L1,R1,3,12,3186,1879686.9
2019-05,343,S1,L1,R2,3,15,1910,1552619.46
2019-05,344,S1,L5,R1,3,15,1969,1088252.73
2019-05,345,S1,L1,R3,3,15,1943,1687275.27
2019-05,346,S4,L1,R1,3,13,3258,1876142.64
2019-05,347,S1,L1,R1,3,14,2077,1495577.64
2019-05,348,S3,L1,R1,3,15,2738,1735306.98
2019-05,349,S1,L1,R4,3,14,2152,1512814.14
2019-05,350,S1,L3,R2,3,14,2082,1391793.54
2019-05,351,S1,L4,R3,3,14,1675,1102526.28
2019-05,352,S4,L1,R1,3,15,3283,2164679.94
2019-05,353,S1,L3,R3,3,14,1695,1193932.71
2019-05,354,S4,L2,R1,3,15,3747,2546888.37
2019-05,355,S2,L4,R2,3,15,1173,879500.9400000001
2019-05,356,S3,L3,R1,3,15,2862,1650349.62
2019-05,357,S4,L1,R1,3,12,2907,1747873.08
2019-05,358,S3,L1,R1,3,15,2235,1497257.46
2019-05,359,S2,L3,R2,3,15,1296,1046449.62
2019-05,360,S2,L1,R1,3,15,1387,1056881.22
2019-05,361,S1,L3,R1,3,14,1669,1082812.26
2019-05,362,S1,L3,R3,3,15,2150,1405548.93
2019-05,363,S1,L1,R2,3,16,2315,1495066.11
2019-05,364,S2,L3,R2,3,15,1397,988258.08
2019-05,365,S2,L1,R2,3,14,1641,1228721.04
